2617 4017
248 254 293 330 30
576 255 843 319 EUTROPII

246 420 364 500 paniam
380 440 414 498 se
432 421 557 502 recepit.
579 422 615 506 ln
633 419 777 502 Hispania
796 443 813 484 a
834 422 926 483 fratre
957 420 1020 483 eius
1040 425 1177 488 Hasdru·

247 529 311 602 bale
332 528 419 591 ambo
439 529 614 613 Scipiones,
632 531 686 613 qui
704 552 760 612 per
779 531 889 594 multos
921 550 1015 591 annos
1044 530 1176 592 victores

245 625 383 713 fuerant,
405 639 652 717 interficientem
672 622 818 703 exercitus
837 650 938 700 tamen
958 639 1074 721 integer
1087 660 1177 700 man·

244 743 306 820 sit3
328 768 397 807 casu
415 750 494 810 enim
511 750 603 832 magis
623 760 709 811 erant
721 793 731 823 ‚
763 769 852 832 qoam
878 748 1011 823 virtute,
1045 737 1174 829 decepti·

161 870 229 917 am.
245 852 314 929 Quo
332 867 467 936 tempore
489 857 577 918 ctiam
597 877 614 917 a
633 857 756 919 consule
769 855 912 918 Marcello
928 854 1046 919 Siciliae
1065 875 1174 938 magna

164 934 231 1001 54⁰
244 983 312 1045 pars
332 976 418 1046 capta
440 976 503 1040 est,
522 987 611 1047 qnam
641 976 747 1026 tenere
774 963 842 1028 Afri
864 976 1048 1045 coeperant,
1069 976 1106 1026 ct>
1119 984 1174 1025 no·

244 1072 400 1144 bilissimae
429 1073 512 1136 urbis
542 1074 745 1158 Syracusanae
775 1070 886 1152 praeda
916 1070 1022 1153 ingens
1043 1071 1173 1133 Romam

243 1182 355 1264 perlata
377 1195 431 1274 est.
461 1167 608 1246 Laevinus
641 1182 674 1243 in
695 1180 870 1243 Macedonia
903 1201 971 1240 cum
1008 1179 1174 1261 Philippo,
1229 1165 1233 1171 ’

243 1302 273 1352 ct
291 1290 390 1351 multis
409 1290 554 1351 Graeciae
572 1289 708 1371 populis,
729 1295 766 1350 et'
778 1311 849 1374 rege
868 1288 958 1353 Asiae
978 1288 1080 1351 Attalo
1101 1290 1174 1374 ami·

242 1397 342 1462 citiam
374 1396 468 1469 fecit,
505 1405 535 1457 et
567 1396 608 1455 ad¹
623 1394 753 1458 Siciliam
785 1397 937 1479 proiectos
948 1443 958 1472 ‚
988 1397 1172 1459 Hannonem

242 1506 413 1587 quendam,
433 1504 577 1567 Afrorum
598 1489 705 1565 ducem
721 1548 730 1579 ,
748 1505 826 1589 apud
846 1506 1045 1589 Agrigentum
1071 1504 1173 1569 civita·
1235 1560 1239 1565 .
1296 1515 1299 1524 '

240 1625 302 1675 tem
323 1634 391 1674 cum
410 1614 475 1695 ipso
509 1589 622 1695 oppido
654 1613 752 1697 cepit,
783 1635 911 1697 eumque
942 1615 1070 1676 Romam
1101 1634 1172 1675 cum
1197 1664 1206 1676 .

241 1721 363 1806 captivis
396 1721 545 1785 nobilibus
573 1722 674 1806 misit3
694 1738 736 1782 xl.
766 1722 899 1784 civitates
934 1721 967 1784 in
986 1712 1172 1786 deditionem

241 1825 377 1914 accepit,
398 1848 476 1893 xxm
497 1831 685 1915 expugnavit.
708 1831 770 1906 Ita,
789 1813 873 1896 omni
895 1829 995 1892 Sicilia
1026 1839 1173 1911 recepta,

239 1939 414 2014 Macedonia
434 1938 551 2015 fracta,
573 1962 642 2002 cum
661 1938 776 2023 ingenti
789 1938 884 2021 gloria
904 1939 1032 2000 Romam
1053 1957 1171 2021 regres-

156 2086 226 2131 Μ),
240 2043 289 2110 sas
313 2062 366 2110 est.
387 2048 537 2125 Hannibal
559 2048 592 2112 in
613 2047 696 2111 ltalia
714 2045 772 2111 Cn.
788 2045 927 2108 Fulvium
947 2042 1101 2105 consulem
1119 2066 1172 2107 su·
1266 2103 1280 2110 -

159 2149 227 2215 542
242 2152 304 2215 bito
329 2139 503 2238 aggressus,
532 2176 600 2218 cum
633 2167 704 2241 octo
736 2152 865 2216 millibus
886 2151 1044 2214 hominum
1077 2152 1173 2217 inter·

240 2262 320 2329 iecit.

279 2372 372 2456 Cap.
395 2373 464 2435 XV.
485 2374 582 2460 (tx.)
606 2376 723 2436 Interea
743 2374 780 2434 ad
801 2372 978 2455 Hispanias,
996 2368 1172 2446 nbi,'0eci·

238 2486 277 2547 sis
299 2485 415 2548 duobus
437 2482 650 2565 Scipionibus,
669 2482 768 2542 nulius
786 2483 941 2562 Romanos
961 2473 1021 2541 dux
1038 2490 1114 2555 erat,
1132 2480 1168 2542 P.

154 2623 222 2670 ab.
237 2594 394 2659 Cornelius
429 2593 530 2676 Scipio
568 2591 723 2676 mittitur,
752 2589 830 2651 filius
857 2589 892 2651 P.
925 2586 1092 2672 Scipionis,
1115 2589 1168 2670 qui
1275 2610 1286 2629 0

155 2685 219 2752 541
236 2701 346 2765 ibidem
378 2703 488 2766 bellum
519 2679 670 2784 gesserat,
699 2717 793 2758 annos
814 2693 900 2758 na'tos
922 2708 1051 2780 quatuor
1073 2707 1103 2757 et
1124 2697 1169 2759 vi·
1201 2677 1204 2683 Δ

237 2809 334 2894 ginti;
356 2812 402 2873 vir
422 2797 628 2873 Romanorum
649 2806 783 2867 omniurn
802 2817 833 2867 et
850 2824 902 2866 sua
921 2817 1036 2880 aetate,
1057 2815 1087 2865 et
1099 2825 1169 2886 pos·

154 2939 222 2983 Am.
238 2919 344 2982 teriori
364 2931 500 3001 ternpore
516 2917 579 2979 fere
594 2914 719 2999 primus.
733 2914 761 2975 Is
774 2910 986 2996 Carthaginem
1007 2912 1169 2994 Hispaniae

134 3002 224 3086 '⁶422
239 3028 394 3111 capitgin
415 3051 474 3111 qna
506 3048 597 3088 omne
631 3046 763 3098 aurum,
794 3035 824 3083 et
841 3033 1021 3106 argentum,
1052 3033 1082 3083 ct
1098 3021 1170 3084 belli

82 3107 87 3118 ,
238 3146 413 3218 apparatum
432 3135 500 3197 Afri
521 3134 690 3211 habebant,
725 3131 924 3195 nobilissimos
946 3149 1067 3224 quoqne
1090 3115 1171 3214 obsi·
1212 3137 1214 3142 '

239 3245 310 3316 des,
328 3263 404 3327 quos
426 3242 463 3304 ab
484 3243 625 3324 Hispanis
656 3251 834 3324 acceperant
846 3265 862 3314 ς,
876 3239 1035 3322 Magonem
1059 3237 1170 3314 etiam,

115 3383 117 3388 ¹
226 3355 360 3418 ,oanan
380 3351 579 3425 Hannibalis,
594 3349 709 3424 ¹ibidem
725 3348 822 3432 capit,
843 3368 931 3432 quem
952 3349 1078 3431 Romam
1098 3368 1168 3410 cnm
