2617 4017
246 262 291 329 sa
333 230 339 237 ’
579 264 846 328 ruraortr
921 306 926 317 .

244 439 317 500 tus,
336 423 518 511 gladiatoriis
547 429 645 491 armis·
671 430 840 513 saepissime
867 430 900 491 in
921 429 994 492 ludo
1009 475 1019 505 ,
1037 431 1183 518 deinceps

245 537 334 598 etiam
349 538 381 597 in
396 537 613 618 amphitheatro
621 560 701 611 *cum
717 536 889 601 huiusmodi
902 539 1074 603 hominibus
1092 563 1185 626 saepe

163 653 229 700 tte.
247 643 409 709 dimicavit.
430 647 514 710 Obiit
535 658 634 706 morte
653 646 776 720 subita,
794 657 885 727 atque
917 645 1012 720 adeo,
1030 657 1066 708 nt
1086 657 1187 708 stran-

163 736 230 864 1'32
245 756 363 840 gelatus
378 800 388 830 ,
408 757 456 817 vei
474 777 594 818 veneno
608 742 786 817 interfectus
807 765 990 837 putaretur,
1012 756 1185 839 comannis

246 881 292 927 κη
314 877 382 947 post
404 877 519 946 patrem
543 877 574 926 et
594 881 653 926 v111
686 864 838 940 mensibus
871 864 1044 945 imperasset
1058 875 1183 941 ;'tanta

246 975 449 1041 exsecratione
471 973 628 1055 omnium,
647 985 683 1034 ut
702 973 795 1035 hostis
815 970 941 1037 humani
956 974 1073 1058 generis
1091 973 1186 1036 etiam

246 1094 383 1165 mortuus
405 1082 600 1145 iudicaretur.
629 1108 632 1113 ·
658 1131 661 1136 .

263 1270 269 1281 t
286 1216 390 1300 Cap„
402 1221 484 1282 xvl.
510 1221 627 1305 (Vnt.)
644 1190 735 1283 'Huic'
751 1220 880 1283 succesit
900 1233 1055 1280 Ptttttrttx
1065 1263 1075 1293 ,
1094 1204 1186 1303 grani

248 1325 357 1389 (laevus
376 1328 458 1404 iam,
478 1341 515 1390 ut
534 1329 587 1412 qui
606 1330 863 1414 septuagenariam
880 1330 1025 1413 attigisset
1044 1338 1184 1405 aetatem}
1217 1362 1226 1373 =

162 1451 231 1497 lte.
247 1437 466 1519 praefecturam
504 1437 574 1499 urbi
608 1449 683 1499 tunc
707 1459 818 1520 agens,
838 1460 874 1499 cx
911 1440 942 1501 S.
964 1437 1001 1500 C.
1035 1424 1185 1521 imperare

166 1534 232 1662 ὥθ’
246 1546 354 1608 iussus.
378 1539 569 1630 Octopcsimo
590 1545 710 1628 imperii
731 1547 803 1622 dic,
824 1547 1087 1628 praetorianorum
1107 1547 1186 1610 mili·

246 1667 312 1718 tum
332 1657 504 1731 seditione,
524 1668 557 1731 et
580 1656 688 1717 loliani
708 1657 820 1719 scelere
840 1656 958 1719 occisus
979 1669 1034 1719 csta

260 1784 380 1871 ³Cap.
416 1790 511 1852 XVII.
550 1789 659 1878 (IX.)
682 1796 756 1856 Post
788 1815 857 1856 eum
880 1775 1009 1857 saturus
1040 1770 1191 1861 mutunus

248 1897 463 1977 rempublicam
487 1898 615 1977 invasit,
637 1903 684 1964 vir
704 1898 812 1964 nobilis
833 1915 863 1964 et
884 1904 950 1965 inre
968 1904 1186 1986 peritissimns3

250 2026 342 2088 nepos
361 2007 451 2068 Salvii
466 2008 592 2082 Iuliani,
612 2010 665 2091 qui
683 2010 739 2072 sub
760 2012 830 2075 divo
845 2012 999 2074 Hadriano
1014 2022 1189 2092 perpetuum

250 2114 420 2201 composuit
455 2105 591 2201 edietum.
615 2118 723 2181 Victus
745 2131 791 2181 est
821 2122 969 2184 aSevero
1003 2121 1084 2202 apud
1107 2120 1190 2182 Mul·

250 2222 332 2311 vium
366 2236 512 2305 pontem,
535 2226 712 2301 interfectus
729 2230 764 2289 in
784 2230 907 2310 palatio.
926 2228 1012 2291 Vixit
1033 2228 1189 2292 mensibus

250 2343 363 2419 septem
373 2376 384 2407 ,
404 2346 561 2417 postquam
583 2351 725 2420 coeperat
743 2339 903 2421 imperare.

291 2497 384 2582 cap.
406 2501 515 2561 run.
539 2499 633 2587 (x.)
654 2503 735 2564 urae
755 2500 875 2586 impero
896 2503 1027 2564 nomana
1049 2480 1191 2566 autam

222 2611 412 2672 ¹trationem
448 2608 611 2672 sarrrirrus
631 2606 780 2674 'severus
808 2613 946 2694 accepit:
969 2613 1115 2674 oriundus
1150 2634 1190 2698 er

250 2720 375 2796 Africa,
395 2698 554 2803 provincia
582 2720 796 2805 Tripolitana,
824 2723 936 2805 oppido
967 2721 1063 2805 Lepti.
1084 2712 1189 2785 'Solus

214 2814 217 2819 ’
252 2827 336 2885 omni
357 2830 502 2891 memoria
524 2842 643 2894 etanta
669 2845 700 2893 et
719 2832 824 2915 postea
845 2820 881 2895 er
900 2830 1004 2895 Africa
1024 2816 1191 2914 imperator

252 2933 321 2997 suit.
343 2935 401 2998 Hic
420 2928 636 3019 prirnum‘fisci
666 2944 849 3019 advocatus,
869 2963 940 3003 mox
971 2940 1107 3002 militaris
1134 2940 1192 3001 tri·

253 3042 371 3127 hunus,
394 3049 557 3129 permulta
571 3022 688 3111 'deinde
707 3073 748 3112 ae.
760 3051 843 3114 varia
864 3051 963 3123 officia
984 3062 1074 3133 atque
1094 3032 1192 3110 hono·

253 3174 312 3225 res
333 3175 430 3237 usquc
449 3156 487 3218 ad
506 3157 802 3239 administrationem
818 3160 912 3221 totins
938 3158 1120 3242 reipublicae
1142 3179 1194 3220 ve·

255 3261 312 3339 nit.
332 3263 520 3355 Pertinacem
541 3288 574 3327 se
594 3267 737 3348 appellari
757 3268 877 3343 voluit,
897 3268 1095 3328 inhonorem
1126 3264 1192 3329 eius

192 3390 200 3397 ’
254 3371 442 3463 Pertinacis,
466 3373 518 3459 qui
540 3395 557 3435 a
576 3374 693 3437 Iuliano
714 3375 817 3440 suerat
848 3374 975 3440 occisus.
995 3376 1120 3438 Parcus
1140 3372 1196 3442 ad·
