2617 4017
218 269 292 355 ‚os
580 238 849 357 aurnorn'

243 434 424 499 Octavianus
455 434 609 521 Augustus
642 451 674 500 et
706 439 750 500 M.
785 436 938 500 Antonius
966 435 1186 519 (remanserat

242 543 325 607 enim
344 541 382 606 ad
405 546 625 608 defendendam
662 546 776 608 Italiam
796 545 948 633 Lepidus)
968 545 1045 628 apud
1066 546 1184 631 Philip·

241 675 319 738 pos,
337 655 532 718 Macedoniae
566 653 695 729 urbem,
726 666 834 716 contra
867 674 920 716 eos
953 667 1178 743 pugnaverunt.

239 766 342 847 Primo
363 763 478 848 proelio
499 764 572 825 victi
603 773 676 824 sunt
705 760 859 825 Antonius
879 776 911 826 et
932 762 1062 842 Caesar3
1084 765 1181 847 periit

182 900 201 939 ·.
237 883 339 933 tamen
360 872 421 934 dur
454 870 618 934 nobilitatis
651 870 796 935 Cassiusr
817 872 951 934 secundo
985 874 1114 937 Brutum
1143 887 1177 961 et

237 979 386 1042 infinitam
408 980 618 1056 nobilitatem,
640 982 717 1065 quae
738 1003 807 1045 eum
827 982 887 1044 illis
904 976 1015 1045 beilum
1033 993 1176 1066 gesserat,

239 1088 348 1152 victam
380 1089 607 1152 interfecerunt.
626 1089 675 1153 Aa
695 1090 739 1153 sie
760 1089 912 1152 intereos
933 1090 1026 1170 divisa
1047 1101 1094 1152 est
1112 1110 1177 1157 res-

239 1197 379 1282 publica,
397 1209 434 1259 ut
466 1199 622 1282 Augustus
651 1198 837 1281 Hispanias,
856 1197 970 1260 Gallias
1003 1209 1034 1261 et
1059 1197 1204 1263 Italiam.

154 1323 223 1370 att.
236 1316 375 1368 teneret:
392 1304 545 1369 Antonius
577 1305 703 1380 Asiam,
731 1307 886 1384 Pontum,
909 1306 1076 1370 Orientem.
1111 1306 1175 1369 Sed

153 1384 219 1455 71¹
237 1413 270 1477 in
294 1413 375 1477 italia
392 1416 428 1477 1..
450 1413 603 1478 Antonius
625 1428 693 1476 (208.
725 1413 838 1478 bellum
866 1408 967 1479 civile¹
985 1416 1174 1491 commovit,

235 1525 330 1588 frater
348 1524 434 1602 eius,
451 1523 505 1609 qui
521 1545 590 1586 euru
605 1521 733 1587 Caesare
748 1536 855 1588 contra
874 1526 1005 1588 Brutum
1024 1523 1173 1589 Cassium·
1307 1578 1308 1589 ,

151 1657 221 1706 ω,
237 1653 296 1718 que
318 1631 519 1697 dimicaverat.
537 1634 568 1696 -ls
587 1634 669 1717 apud
702 1614 882 1709 Perusiam,
910 1635 1037 1698 Tusciae
1070 1633 1173 1698 cirita·

149 1719 223 1789 712
235 1753 318 1831 tero,
336 1741 433 1804 vietus
454 1753 485 1804 et
503 1754 608 1826 captus
626 1726 692 1818 est,
714 1764 812 1824 neque
832 1734 959 1806 occisus.

273 1848 367 1934 Cap.
388 1853 440 1913 lv.
463 1850 542 1939 (111.)
563 1853 688 1914 Interim
703 1871 722 1914 a
740 1853 832 1915 Sexto
844 1853 1000 1934 Pompeio,
1010 1850 1066 1915 Cn.
1080 1851 1171 1915 Pom·

233 1959 295 2047 peii
315 1960 419 2044 Magni
438 1961 522 2035 filio,
545 1963 650 2044 ingens
673 1961 786 2025 bellum
805 1961 838 2023 in
860 1962 959 2023 Sicilia
985 1972 1173 2047 commotum

233 2082 301 2147 est,
318 2070 381 2146 his,
400 2068 453 2156 qui
487 2072 700 2156 superfuerant
719 2094 756 2136 ex
775 2070 910 2155 partibus
947 2068 1037 2147 Bruti
1060 2067 1175 2133 Cassii-

232 2200 293 2265 que
305 2223 315 2256 ,
336 2179 374 2242 ad
405 2186 476 2244 eum
495 2179 733 2257 confluentibus.
753 2182 900 2244 Bellatum
920 2199 976 2262 per
1010 2160 1170 2242 Caesarem

148 2289 403 2375 adaugeamus
420 2289 670 2354 Octauianum-et
688 2292 732 2352 M.
751 2289 921 2353 Antonium
939 2289 1080 2361 adversus
1098 2289 1172 2353 sex·

149 2370 218 2489 ω
232 2412 297 2462 tum
317 2399 503 2482 Pompeium.
522 2399 583 2460 Pax
602 2410 756 2482 postremo
778 2395 930 2459 convenit.
978 2394 983 2398 ’

90 2522 125 2549 ”
147 2532 218 2581 Μ,
271 2505 366 2591 Cap.
389 2506 428 2569 V.
462 2507 509 2570 Eo
539 2518 679 2591 tempore
703 2506 753 2568 Μ.
787 2504 923 2589 Agrippa
952 2507 985 2569 in
1004 2505 1166 2590 Aquitania

147 2594 217 2663 715
231 2637 296 2679 rem
315 2636 459 2701 prospere
477 2614 590 2700 gessit3
608 2627 639 2678 et
661 2616 695 2678 1.
726 2612 887 2676 Ventidius
919 2616 1029 2677 Bassus
1056 2615 1167 2677 irrum-

146 2694 217 2825 ’ἤιξ’
231 2738 337 2809 pentes
356 2725 389 2787 in
408 2724 524 2812 Syriam
545 2725 650 2787 Persas
678 2720 778 2784 tribus
808 2720 930 2805 proeliis
962 2722 1045 2785 vicit.
1072 2725 1167 2788 Paeo·

139 2910 146 2925 .
207 2852 321 2905 rum,
339 2830 418 2913 regis
439 2828 549 2894 Orodis
568 2830 686 2907 filium,
706 2831 860 2893 interfecit
880 2852 917 2894 eo
938 2831 1003 2915 ipso
1024 2832 1083 2908 die,
1101 2855 1165 2919 qno

230 2936 310 3000 olim'
321 2936 438 3000 Orodes
450 2981 461 3013 ,
478 2938 638 3000 Persarum
670 2960 725 3002 rex
737 2983 747 3012 ,
766 2960 822 3022 per
857 2938 964 3002 ducem
993 2943 1165 3017 Surenam,

154 3030 162 3043 ⁸
228 3042 369 3108 Crassum
389 3044 549 3110 occiderat.
568 3046 627 3110 Hie
646 3036 762 3132 primus
781 3050 819 3113 de
836 3050 952 3112 Parthis
971 3049 1165 3113 iustissimum

227 3152 416 3236 triumphum
437 3153 553 3217 Romae
576 3157 648 3242 egit.
834 3226 836 3231 .

143 3262 220 3333 aa.
267 3260 362 3347 cap.
386 3263 441 3324 vl.
461 3256 586 3326 raserat..
618 3234 904 3350 mapsam..
924 3266 1032 3350 rupa,
1052 3281 1084 3330 et
1111 3288 1164 3333 na·

145 3346 215 3416 714
227 3372 286 3438 vali
304 3374 422 3460 proelio
441 3373 538 3439 victus
547 3419 558 3450 ,
578 3374 696 3459 fugiens
715 3376 753 3442 ad
771 3378 894 3455 Asiam,
911 3377 1088 3443 interfectus
1106 3386 1162 3441 est.
