2617 4017
502 282 508 288 ’
545 285 699 348 LIBER
728 284 751 348 l.

545 452 646 535 Cap.
682 452 706 513 1.

144 700 147 705 ι
193 625 368 686 Romanum
384 619 563 703 imperium,
586 642 646 702 quo
672 640 769 702 neque
790 618 826 679 ab
846 619 971 681 exordio'
993 617 1089 679 ullum
1130 599 1137 696 Ἰ

155 733 218 793 fere
240 731 357 804 minus,
379 750 476 811 neque
497 730 690 808 incrementis
710 740 776 787 toto
799 726 873 786 orbe
893 726 1017 808 amplius
1035 725 1092 786 hu-

156 861 244 901 mana
265 851 364 921 potest
384 838 528 898 memoria
549 822 720 911 reeordari,
744 861 760 897 a
781 853 913 897 noaweo
933 836 1088 895 (exordium

157 947 267 1023 habet3
288 950 340 1032 qui
363 951 436 1010 lteae
456 947 576 1026 Silviae,
599 947 727 1006 Vestalis
749 946 897 1028 virginis,
915 944 1016 1018 fitius,
1038 956 1092 1016 et,

158 1068 304 1139 quantum
336 1035 457 1138 putatus
480 1068 544 1127 est,
565 1054 693 1126 Martis,
715 1076 782 1114 eum
805 1070 895 1112 talento
912 1053 1004 1112 fratre
1028 1076 1089 1112 nno

158 1176 246 1245 partu
268 1163 365 1225 editus
381 1175 435 1223 est.
462 1164 489 1222 ls
505 1184 573 1222 enm
595 1163 675 1222 inter
692 1174 826 1242 pastores
845 1163 1075 1223 latrocinaretur
1081 1169 1114 1233 ,“

156 1273 323 1335 octodecim
345 1293 439 1331 annos
461 1283 571 1344 natus,
605 1271 712 1332 urbem
746 1272 880 1353 exiguam
902 1274 933 1331 in
953 1271 1089 1331 Palatino

153 1365 257 1444 none
289 1379 464 1454 conserua,
485 1396 527 1440 n.
564 1377 627 1440 cal.
649 1382 745 1455 Mar,
781 1382 963 1465 olympiadis
996 1395 1088 1441 sexes

153 1508 233 1549 anno
254 1489 361 1564 tertio,
382 1501 450 1570 post
470 1483 571 1550 Troiae
595 1491 760 1565 excidium,
781 1503 826 1564 et,
849 1493 901 1572 qni
924 1490 1093 1571 piurimnm‘

153 1598 379 1681 minimumque,
399 1598 535 1672 tradunt,
554 1600 767 1662 trecentesimo
784 1600 977 1682 nonagesimo
997 1622 1086 1681 quar-

151 1719 194 1767 it).

194 1843 293 1923 Cap.
314 1843 350 1901 ΙΙ.
374 1841 444 1925 (Ι.)
465 1839 595 1902 Condita
617 1840 760 1916 civitate,
795 1864 884 1923 qnam
904 1864 939 1902 ex
964 1842 1086 1903 nomine

152 1973 207 2014 suo
228 1965 348 2012 nontam
369 1949 506 2021 vocavit,
525 1949 588 2008 haee
608 1948 672 2009 sere
694 1950 764 2032 egit.
796 1950 1021 2011 Multitudinem
1054 1955 1087 2012 tl-

152 2062 327 2123 nitimorum
348 2061 381 2119 in
394 2058 544 2120 civitatem
562 2059 697 2140 recepit3
720 2071 839 2120 centum
860 2082 896 2121 ex
915 2063 1084 2124 senioribus

152 2169 241 2250 legit,
259 2191 388 2252 quorum
409 2167 535 2229 consilio
557 2167 657 2229 omnia
677 2179 798 2249 ageret,
820 2188 895 2250 quos
930 2181 1084 2230 senatores

151 2277 317 2336 nominavit
352 2288 484 2358 propter
511 2287 705 2338 senectutem.
740 2277 843 2350 Tum,
876 2298 945 2336 eum
974 2297 1084 2337 uxores

150 2383 212 2465 ipse
233 2396 263 2445 et
283 2387 413 2466 populus
435 2406 506 2445 suus
527 2406 589 2446 non
610 2384 776 2458 haherent,
795 2383 932 2452 invitarit
946 2384 982 2444 ad
1001 2407 1084 2467 spee-

150 2494 282 2554 taeulum
306 2492 446 2554 ludorum
459 2494 571 2554 vicinas
589 2492 674 2553 urhis
695 2495 808 2554 Romae
828 2496 977 2568 nationes,
993 2508 1082 2577 atque

150 2621 254 2664 earum
286 2601 416 2683 virgines
438 2604 547 2682 rapuit.
567 2598 735 2661 Commotis
758 2600 842 2661 bellis
864 2614 990 2683 propter
1014 2626 1082 2685 rae·

150 2719 247 2767 tarum
268 2708 428 2781 iniuriam,
446 2708 649 2771 Caeninenses
669 2708 759 2782 vicit,
776 2709 989 2790 Antemnates,
1005 2714 1082 2796 Cre·

148 2816 315 2891 stnminos,
337 2815 483 2892 Sabinos,
503 2819 682 2892 Fidenates,
702 2819 866 2894 Veientes,
885 2820 958 2883 haec
979 2824 1080 2884 onmia

148 2925 258 3007 oppida
271 2926 377 2985 urbem
396 2927 531 3009 cingunt.
553 2929 592 2989 Et
610 2925 680 2988 enm
700 2939 767 2988 orta
786 2927 885 2989 subito
906 2942 1078 3015 tempestae

147 3055 209 3095 non
231 3034 472 3120 comparuisset,
494 3056 574 3095 anno
595 3035 683 3117 regni
705 3038 858 3118 trigesimo
892 3041 1020 3121 septimo
1043 3044 1078 3100 :nl

146 3141 217 3203 deos
237 3143 379 3204 transisse
395 3145 525 3206 creditus
547 3157 592 3205 est
611 3158 642 3205 et
660 3159 862 3208 consecratus.
882 3148 997 3209 Deinde
1017 3150 1078 3207 Re·
1163 3199 1165 3203 ,

144 3272 285 3332 maeper
307 3253 415 3333 quinos
438 3254 501 3313 dies
529 3266 683 3315 senatores
716 3255 961 3337 imperaverunt3
981 3267 1010 3316 et
1032 3251 1076 3318 his

142 3360 335 3448 regnantibus
355 3383 453 3428 annus
471 3385 550 3427 unus
575 3364 741 3450 completus
762 3379 820 3445 nest.
