2617 4017
461 275 689 338 urnnnx„
858 226 861 239 ⁴
988 271 1125 335 107·

454 465 459 474 “
509 442 611 526 Cap.
645 446 669 504 1.

158 631 216 694 His
237 634 329 716 igitur
351 632 531 699 abeuntibus
551 640 593 721 ¹ab
625 637 886 709 administratione
916 636 1060 718 reipubli-

119 763 200 817 cae,
223 756 429 808 consuamus
451 757 482 808 et
501 763 656 811 obtamus
689 747 820 832 Augusti
850 748 944 808 creati
969 759 1059 808 sunt:
1073 749 1143 795 Ροῦ

56 901 59 909 ,
101 850 298 935 1divisusque
327 854 480 918 intereos
504 850 546 917 ita
570 859 725 920 Romanus
750 856 857 932 orbis,
875 867 912 918 ut
933 856 1060 918 Galiiam
1069 831 1145 958 3³35
1199 922 1206 937 χ

125 962 264 1036 ltaliam,
294 962 428 1026 Africam
468 963 689 1040 Constantium
725 965 901 1051 illyricum,
937 964 1059 1037 Asiam,

119 1068 282 1131 Orientem
306 1072 445 1135 Galerius
467 1074 643 1150 obtineret,
663 1076 767 1137 sumtis
790 1073 908 1136 duobus
930 1073 1062 1136 Caesari-

124 1174 191 1239 bus.
214 1176 409 1243 Constantius
432 1191 533 1245 tamen
545 1229 555 1258 ,
576 1196 738 1245 contentus
749 1185 900 1267 ⁴dignitate
922 1184 1061 1268 Augusti,

120 1280 227 1350 'italiae
248 1280 337 1373 atque
352 1291 476 1354 Africae
498 1292 753 1355 administrandae
772 1293 994 1367 subicitudinem
1015 1316 1063 1356 re·

125 1400 260 1461 cusavit:
285 1401 332 1461 vir
365 1403 500 1485 egregius
522 1414 553 1463 et
578 1404 851 1485 praestantissimae
888 1404 1063 1479 dubitatis,

120 1504 237 1579 ⁴divitiis
273 1512 504 1591 provincialium
533 1535 576 1575 ac
609 1515 798 1597 privatorum
828 1513 972 1587 studens,
992 1493 1064 1574 'fisci

125 1606 367 1681 commodanon
386 1621 547 1683 admodum
566 1621 734 1696 affectans,
753 1622 937 1704 dicensque,
957 1623 1065 1685 melius
1095 1616 1099 1627 f

125 1726 267 1803 publicas
301 1750 367 1807 opes
401 1753 422 1790 u
437 1732 566 1809 priuatis
597 1732 721 1806 baberi,
741 1754 832 1811 quam
862 1734 943 1795 intra
974 1753 1066 1790 unum

127 1836 293 1897 claustrum
323 1839 469 1899 reseruari
480 1861 492 1910 ,·
515 1837 590 1902 adeo
625 1849 724 1899 autem
759 1838 856 1901 cultus
875 1834 1007 1913 modici,
1025 1851 1066 1899 ut
1108 1840 1109 1843 ’

130 1942 244 2005 feriatis
274 1944 402 2020 diebus,
424 1935 539 2010 sicum
563 1948 665 2010 amicis
697 1948 956 2011 numerosioribus
987 1959 1065 2010 esset

59 2072 66 2086 ¹
127 2055 334 2137 epulandum,
358 2057 544 2138 privatorum
567 2057 595 2120 ai
616 2070 766 2142 argento,
790 2059 920 2121 ostiatim
943 2062 1063 2143 petito,

129 2162 260 2226 triclinia
283 2179 504 2231 sternerentur.
527 2170 585 2231 Hic
619 2186 683 2231 non
710 2169 803 2230 modo
839 2169 995 2259 amabilis,
1012 2171 1064 2232 sed

131 2260 222 2335 etiam
242 2276 420 2349 venerabilis
433 2276 536 2338 Gallis
558 2278 636 2356 tuit,
658 2262 819 2361 praecipue
846 2278 929 2361 quod
946 2279 1111 2351 Diocle-1³.
1120 2293 1150 2339 e.

132 2382 208 2443 tiani
228 2397 397 2467 suspectam
431 2387 642 2468 prudentiam,
665 2400 695 2450 et
710 2385 891 2451 Maximiani
911 2388 1070 2470 sanguina·
1097 2377 1128 2420 N.

132 2492 209 2554 rianr
243 2495 442 2558 temeritatem
473 2498 600 2580 imperio
636 2498 700 2559 eius
735 2507 901 2560 evaserant.
925 2496 1008 2559 Obiit
1036 2498 1068 2557 iu

137 2602 295 2666 Britannia
314 2606 445 2668 Eboraci
453 2652 466 2681 .,
490 2607 677 2690 principatus
713 2626 793 2666 auno
814 2603 905 2665 tertio
930 2604 1070 2681 decimo,

127 2725 226 2805 atque
249 2714 329 2777 inter
350 2717 433 2778 divos
455 2718 566 2779 relatus
589 2729 642 2778 est.
743 2784 745 2799 ,

177 2854 202 2916 C
212 2876 229 2943 p
240 2878 270 2937 p.
290 2858 326 2918 ΙΙ.
350 2857 512 2931 Galerius,
533 2856 578 2920 vir
599 2868 630 2919 et
647 2855 742 2938 probe
758 2863 917 2929 moratus,
938 2865 968 2916 et
982 2839 1072 2939 tegre·

137 2965 202 3046 gius
239 2967 327 3028 inre
361 2968 507 3046 militari,
531 2990 600 3030 cum
633 2966 746 3026 ltaliam
784 2982 931 3046 quoque,
951 2966 1071 3027 sinente
1085 3028 1115 3072 11.
1126 3028 1154 3073 c·

136 3073 337 3150 Constantio,
357 3076 609 3138 administrationi
628 3098 700 3137 suae
732 3075 889 3136 accessisse
922 3076 1071 3148 sentiret,
1103 3110 1132 3153 tt.

132 3184 279 3248 Caesares
311 3187 387 3248 duos
419 3186 553 3259 crearit,
584 3194 797 3260 Maxtrutnunt,
828 3208 917 3268 quem
953 3183 1072 3246 Orienti
1088 3172 1156 3235 305

140 3297 305 3377 praefecit,
334 3310 365 3359 et
397 3313 566 3371 sutanum,
587 3297 636 3358 cui
669 3296 783 3357 ltaliam
814 3295 918 3357 dedit:
940 3294 1004 3375 ipse
1040 3293 1073 3353 in
1087 3270 1155 3316 M.

140 3403 259 3488 lltyrico
283 3418 484 3468 commoratus
505 3419 559 3468 est.
581 3407 720 3480 Verum,
741 3403 920 3467 Constantio
939 3414 1078 3477 mortuo,
1088 3352 1156 3478 3136
