2617 4017
492 250 717 314 ntnnuv,
907 226 914 230 ’
1006 253 1055 321 47
1120 231 1124 238 ”

128 437 195 499 garn
216 414 319 477 habuit
337 416 376 491 Q.
397 413 551 478 Lutatium
570 411 722 478 Catulum.
742 409 819 478 Cum
849 414 979 482 Cimbris
1001 421 1057 484 ita·

127 546 185 608 que
208 524 365 597 conflixit,
388 535 418 585 et
437 522 554 585 duobos
587 522 709 605 proeliis
737 538 774 585 cc
801 525 892 588 millia
923 528 1053 593 hortium

127 634 245 695 cecidit.
269 649 354 695 dxxx
374 634 464 696 millia
495 639 598 721 cepit,
615 649 646 699 et
666 636 773 697 ducem
806 636 912 696 eorum
940 636 1053 699 Teuto-

55 731 62 736 ’
127 738 263 816 bodnm3
285 754 410 825 propter
440 745 522 827 quod
548 746 689 810 meritum
719 743 825 813 absent
846 742 954 826 quinto
987 758 1052 807 cos.

127 862 172 910 est
195 850 301 913 sactus.
384 841 388 852 ⁸

165 1010 257 1096 Cap.
292 1015 327 1075 ll.
365 1009 482 1078 Interea
514 1002 630 1080 Cimbri
662 1026 693 1078 et
722 1015 900 1088 Teutones,
922 1034 1052 1096 quorum

125 1105 210 1203 eopia
246 1122 343 1184 adhuc
378 1125 610 1197 intinita¹erat,
639 1121 677 1184 ad
710 1122 823 1184 Italiam
856 1123 1051 1184 transierunt·

125 1230 235 1291 lterum
257 1252 274 1292 a
298 1227 334 1293 C.
357 1233 453 1293 Mario
473 1244 504 1294 et
530 1233 569 1308 Q.
589 1229 697 1294 Catulo
718 1241 825 1292 contra
859 1249 911 1292 eos
932 1228 1053 1291 dimica·
1137 1279 1142 1292 1

122 1351 187 1400 turn
208 1352 276 1415 est3
298 1341 352 1402 sed
373 1362 389 1402 a
408 1339 507 1401 Catuli
539 1352 624 1423 parte
659 1338 783 1400 felicius.
804 1329 882 1399 Nani
911 1338 1052 1419 proelio,

11 1429 13 1512 t
122 1448 205 1528 quod
222 1448 311 1508 simul
320 1447 414 1528 ,ambo
428 1457 605 1531 gesserunt,
622 1462 682 1509 cxl,
696 1446 809 1521 millia,
827 1458 879 1509 aut
892 1446 926 1507 in
939 1467 1051 1530 pugna,

77 1579 82 1588 ¹
122 1557 226 1617 autin
246 1557 335 1639 suga,
357 1578 440 1618 caesa
453 1567 543 1631 sunt3
566 1571 607 1615 nx
625 1554 716 1616 millia
737 1567 833 1638 captu.
853 1553 983 1616 Romani
998 1554 1052 1616 mi·

11 1695 13 1738 3
121 1664 188 1725 lites
208 1686 244 1727 ex
262 1677 392 1743 utroque
414 1662 548 1723 exercitu
578 1659 709 1720 trecenti
729 1660 894 1741 perierunt.
915 1662 988 1723 Tria
1019 1674 1051 1723 et

119 1772 245 1854 triginta
264 1767 393 1830 Cimbris
415 1768 498 1849 signa
521 1755 635 1826 sublata
654 1776 736 1824 sunt.
757 1767 801 1827 Ex
823 1765 870 1827 his
903 1766 1050 1830 exercitus

118 1879 209 1940 Marii
230 1877 290 1937 duo
310 1876 498 1957 reportavit,
518 1871 619 1936 Catuli
637 1873 784 1935 exercitus
809 1890 876 1935 xxx
895 1886 926 1935 et
943 1895 1049 1936 unum.

119 1987 146 2046 Is
167 1983 237 2045 belli
260 1984 327 2044 finis
347 1984 406 2044 suit
420 2009 430 2058 3
445 1981 617 2065 triumphus
638 1981 759 2063 utrique
780 1980 917 2044 decretus
936 1993 990 2042 est.

161 2144 253 2227 cap.
272 2146 322 2208 111.
353 2145 439 2231 (11.)
471 2143 538 2207 sm
559 2145 646 2210 ¹tutte>
678 2118 804 2207 caesar}
819 2156 857 2206 et
879 2149 914 2207 n
934 2146 1049 2209 Marcio
1062 2176 1134 2222 un

118 2252 257 2335 Philippo
278 2269 358 2315 coss,
374 2253 588 2315 sexcentesimo
604 2252 849 2336 quinquagesimo
865 2274 948 2314 nono
963 2229 1048 2318 anno
1064 2240 1128 2306 661

120 2361 158 2426 ab
176 2362 251 2424 urbe
273 2361 416 2435 condita,
439 2382 508 2422 cum
537 2381 635 2443 prope
653 2361 711 2436 ,alia
738 2361 839 2422 omnia
859 2361 935 2422 bella
957 2382 1050 2422 cessa·

120 2482 212 2546 rent,
233 2473 266 2532 in
286 2471 370 2532 ltalia
388 2470 595 2551 gravissimum
614 2468 726 2544 bellum
746 2470 912 2544 Picentes,
934 2470 1049 2547 Marsi,

119 2579 292 2661 Pelignique
321 2588 497 2652 moverunt,
517 2576 585 2659 qui,
607 2598 676 2637 cum
696 2576 782 2638 annis
803 2579 969 2638 numerosis
990 2579 1049 2641 iam

120 2688 233 2769 populo
253 2690 391 2748 Romano
424 2686 604 2759 obedirent,
624 2695 691 2745 tum
723 2683 891 2747 libertatem
922 2686 983 2747 sibi
1003 2708 1049 2748 ae·

120 2815 210 2876 quam
231 2815 362 2857 asserere
380 2805 554 2876 coeperunt.
572 2792 779 2854 Perniciosunt
810 2791 970 2855 admodum
991 2795 1049 2857 hoc

120 2903 231 2974 bellum
252 2903 317 2963 suit.
337 2905 371 2964 P.
389 2901 520 2964 Rutilius
541 2902 646 2963 consul
665 2901 698 2960 in
718 2921 754 2961 eo
776 2900 890 2962 occisus
906 2912 959 2973 est,
977 2898 1049 2963 Cae·
1062 2937 1131 2985 mo.

11 3083 12 3088 η
120 3014 191 3094 pio,
222 3011 330 3073 nobilis
365 3010 505 3085 iuvenis,
541 3021 571 3069 et
597 3008 723 3069 Porcius
756 3004 831 3069 Cato
843 3052 853 3082 ,
874 3008 947 3071 alius
982 3025 1047 3073 cos.
1062 3001 1132 3063 662

119 3123 217 3184 Duces
240 3134 338 3180 autem
361 3118 500 3179 adversus
523 3107 676 3179 Romanos
697 3117 868 3178 Picentibus
890 3131 921 3179 et
942 3119 1046 3179 Marsis
1061 3097 1132 3220 ἐῶ·
1218 3114 1221 3120 ’

119 3230 243 3292 suerunt
263 3230 301 3289 T.
323 3228 465 3301 Vettius,
487 3227 606 3288 Hierius
633 3224 775 3302 Asinius,
795 3229 832 3287 T.
853 3226 1047 3296 Herennius,

120 3338 156 3398 Α.
178 3336 345 3399 Cluentius.
365 3335 394 3397 A
417 3334 560 3402 Romanis
582 3333 660 3409 bene
684 3346 790 3396 contra
810 3354 861 3394 eos
883 3341 1046 3412 pugnatum
