2617 4017
230 182 278 245 60
559 185 840 251 EUTROPII‘

42 405 45 409 ,
143 359 214 405 au.
228 343 366 405 Metellus
400 343 443 406 dc
469 343 560 409 Creta
590 350 808 433 triumphavit,
829 349 987 431 Pompeius
1024 350 1163 413 debello
1204 404 1205 409 ,

146 424 211 488 69¹
228 450 358 514 Piratico
379 466 409 515 et
429 454 644 519 Mithridatico.
662 460 751 520 Nulla
771 483 904 541 unquam
929 480 1038 542 pompa
1057 460 1167 520 trium·

229 561 282 644 phi
299 561 401 624 similis
424 562 493 624 fuit.
513 565 605 626 Ducti
623 578 695 627 sunt
716 578 785 628 ante
804 569 867 628 eins
888 590 1010 629 currum
1029 567 1084 628 lilii
1105 568 1165 627 Mi-

229 670 391 746 thridatis,
410 672 488 734 filius
521 673 682 754 Tigranis,
701 684 731 734 et
749 673 964 747 Aristohnlus‚
986 698 1038 737 rex
1059 676 1165 737 ludae-

231 797 341 839 oruma
372 779 502 859 praelata
536 791 580 839 est
611 781 716 863 ingens
743 783 894 864 pecunia,
913 784 979 845 auri
1002 797 1092 868 atque
1114 770 1163 845 ar·

170 940 175 945 .
230 887 313 971 genti
333 886 494 949 infinitum.
519 890 586 950 Iloc
605 900 743 971 ternpore
764 891 880 951 nullum
902 911 957 972 per
977 889 1081 951 orbem
1101 901 1163 951 ter·

231 1019 332 1059 rarum
355 1017 445 1081 grave
463 997 573 1059 bollum
595 1009 668 1058 erat.
749 1018 753 1023 ’

146 1112 216 1198 Ψ.
271 1103 364 1187 Cap.
383 1106 479 1167 xv11.
510 1107 630 1191 (XIV.)
657 1107 749 1168 Anno
770 1106 854 1168 urhis
875 1107 1013 1169 conditae
1035 1121 1163 1167 ncxctu.
1215 1093 1218 1097 ⁴

148 1176 217 1242 ⁶93
232 1210 270 1276 C.
290 1212 381 1275 lulius
407 1209 534 1288 Caesar,
556 1216 609 1296 qui
642 1230 747 1310 postea
771 1190 951 1300 imperavit,
973 1238 1042 1279 cunr
1061 1219 1095 1277 L.
1113 1216 1165 1277 Bi·

232 1320 304 1384 bulo
325 1322 430 1386 consul
451 1334 496 1384 est
515 1324 623 1384 lactus.
641 1327 769 1386 Decreta
790 1338 835 1386 est
855 1326 884 1387 ei
916 1326 1014 1387 Gallia
1047 1337 1078 1386 et
1097 1324 1165 1408 llly-

180 1465 188 1470 -
231 1430 328 1491 ricum
340 1476 351 1505 ,
373 1452 441 1493 cnm
466 1432 634 1515 legionibus
657 1434 769 1493 decem·
791 1435 819 1493 Is
842 1434 941 1516 primo
962 1434 1035 1496 vicit
1056 1435 1165 1495 Helve-

231 1535 291 1598 tios
302 1581 312 1611 ,
332 1538 384 1621 qui
405 1562 487 1601 nune
507 1541 638 1622 Sequani
662 1541 858 1622 appellantur.
879 1542 994 1603 Deinde
1015 1539 1163 1604 vincendo

231 1668 286 1728 per
307 1646 382 1729 hella
402 1632 572 1734 gravissima
602 1671 699 1732 usque
721 1651 757 1711 ad
778 1632 932 1711 Oceanum
955 1646 1163 1710 Britannicum

231 1758 385 1838 processit.
405 1758 530 1819 Domuit
560 1771 661 1818 antem
694 1758 780 1818 annis
810 1779 918 1820 novem
950 1758 1014 1819 lere
1043 1778 1163 1818 omnem

229 1864 382 1936 Galliam,
400 1886 477 1947 qnae
500 1866 579 1926 inter
600 1866 715 1948 Alpes,
736 1864 852 1929 {lumen
872 1868 1064 1939 Rhodanum,
1084 1866 1164 1929 Ithe-

233 1995 307 2035 num
328 1986 357 2035 ot
377 1974 530 2035 Oceanum
552 1984 615 2046 est,
638 1986 668 2034 et
688 1973 816 2036 circuitu
837 1986 918 2056 patet
939 1974 976 2035 ad
996 1975 1041 2034 bis
1062 1987 1092 2034 et
1111 1975 1167 2035 tri·
1204 1982 1207 1991 “

146 2109 216 2158 Η,
234 2081 292 2143 cies
317 2094 443 2144 centena
475 2080 566 2143 mallia
598 2065 751 2165 passuum]
775 2083 926 2145 Britannis
950 2104 1020 2144 mox
1051 2080 1165 2144 bellum

150 2173 218 2240 698
234 2191 359 2266 intulit,
378 2191 486 2272 quihus
507 2204 575 2252 ante
596 2213 665 2251 eum
685 2213 723 2253 ne
743 2214 854 2252 nomen
876 2191 995 2275 quidem
1013 2195 1167 2257 Romano·

231 2324 303 2373 rum
322 2301 475 2384 cognitum
495 2313 579 2375 erat3
605 2312 636 2360 et
657 2323 707 2362 eos
732 2321 852 2382 quoque
873 2303 967 2362 victos
981 2275 998 2375 ,x
1012 2300 1165 2362 obsidibus
1202 2282 1204 2287 .

235 2411 385 2493 acceptis,
405 2409 613 2493 stipendiarios
627 2411 709 2471 lecit.
730 2409 845 2470 Galliae
866 2420 965 2470 autem
983 2408 1090 2469 tributi
1111 2429 1167 2468 no·

234 2522 315 2584 mine
347 2530 480 2582 annuum
513 2519 670 2601 imperavit
700 2517 870 2579 sestertium
902 2516 1167 2600 quadringenties,
1207 2520 1211 2527 ’

183 2628 187 2633 ’
234 2631 461 2712 Germanosque
488 2642 570 2690 trans
589 2629 730 2691 Rhenum
751 2649 926 2710 aggressus,
947 2625 1165 2687 immanissimis

234 2739 354 2821 proeliis
374 2740 457 2801 vicit.
478 2741 560 2799 Inter
581 2750 628 2798 tot
648 2747 801 2799 successus
814 2749 869 2799 -ter
898 2738 974 2798 male
998 2735 1165 2819 pugnavit:

234 2842 313 2929 apud
334 2849 487 2910 Arvernos
508 2850 600 2911 semel
619 2840 782 2929 praesens,
804 2859 835 2908 et
854 2848 960 2908 absens
988 2846 1021 2907 in
1041 2846 1168 2907 Germa-

47 2939 49 2944 ’
234 2957 284 3017 nia
304 2940 358 3016 his!
391 2959 467 3018 Nam
488 2959 576 3041 legati
597 2960 660 3019 eius
682 2959 767 3031 duo,
787 2956 925 3018 Titurius
959 2966 990 3017 et
1007 2954 1170 3017 Auruncu·
1206 2942 1214 2949 ’

133 3042 141 3048 .
233 3065 331 3140 leius,
355 3087 409 3146 per
428 3066 547 3140 insidias
573 3067 650 3127 caesi
673 3078 755 3126 sunt.

96 3192 102 3196 ⁴
149 3200 218 3250 gn.
273 3173 365 3257 Cap.
385 3176 494 3237 XVlll.
519 3174 642 3258 (XV.)
676 3173 764 3236 Circa
785 3172 887 3234 eadem
906 3183 1067 3251 tempora,
1087 3186 1168 3228 anno

153 3264 220 3328 697
234 3279 315 3341 urbis
336 3266 474 3341 conditae
495 3292 645 3364 ltcxcvu,
666 3283 708 3342 M.
730 3280 862 3345 Licinius
886 3279 1034 3356 Crassus,
1052 3278 1167 3360 collega
