<?xml version="1.0" encoding="UTF-8"?>
<!DOCTYPE html PUBLIC "-//W3C//DTD XHTML 1.0 Transitional//EN"
    "http://www.w3.org/TR/xhtml1/DTD/xhtml1-transitional.dtd">
<html xmlns="http://www.w3.org/1999/xhtml" xml:lang="en" lang="en">
 <head>
  <title>
</title>
<meta http-equiv="Content-Type" content="text/html;charset=utf-8" />
  <meta name='ocr-system' content='tesseract 3.04.00' />
  <meta name='ocr-capabilities' content='ocr_page ocr_carea ocr_par ocr_line ocrx_word'/>
</head>
<body>
  <div class='ocr_page' id='page_1' title='image "./eutropiibreviar03eutrgoog_0104.png"; bbox 0 0 2617 4017; ppageno 0'>
   <div class='ocr_carea' id='block_1_1' title="bbox 252 252 882 337">
    <p class='ocr_par' dir='ltr' id='par_1_1' title="bbox 252 252 882 337">
     <span class='ocr_line' id='line_1_1' title="bbox 252 252 882 337; baseline -0.006 0"><span class='ocrx_word' id='word_1_1' title='bbox 252 273 305 337; x_wconf 77' lang='lat' dir='ltr'><strong>aa</strong></span> <span class='ocrx_word' id='word_1_2' title='bbox 593 252 882 337; x_wconf 79' lang='lat' dir='ltr'><strong>unrnoru‘</strong></span> 
     </span>
    </p>
   </div>
   <div class='ocr_carea' id='block_1_2' title="bbox 208 439 1245 1405">
    <p class='ocr_par' dir='ltr' id='par_1_2' title="bbox 208 439 1245 1405">
     <span class='ocr_line' id='line_1_2' title="bbox 300 439 1197 524; baseline 0.003 -21"><span class='ocrx_word' id='word_1_3' title='bbox 300 439 397 523; x_wconf 82' lang='lat' dir='ltr'><strong>Cap.</strong></span> <span class='ocrx_word' id='word_1_4' title='bbox 417 440 499 502; x_wconf 85' lang='lat' dir='ltr'><strong>XIV.</strong></span> <span class='ocrx_word' id='word_1_5' title='bbox 520 443 586 502; x_wconf 89' lang='lat' dir='ltr'><strong>Hoc</strong></span> <span class='ocrx_word' id='word_1_6' title='bbox 601 441 770 524; x_wconf 72' lang='lat' dir='ltr'>imperante</span> <span class='ocrx_word' id='word_1_7' title='bbox 788 440 877 501; x_wconf 82' lang='lat' dir='ltr'><strong>ctiam</strong></span> <span class='ocrx_word' id='word_1_8' title='bbox 896 440 1056 501; x_wconf 79' lang='lat' dir='ltr'><strong>monetarii</strong></span> <span class='ocrx_word' id='word_1_9' title='bbox 1070 442 1103 502; x_wconf 91' lang='lat' dir='ltr'><strong>in</strong></span> <span class='ocrx_word' id='word_1_10' title='bbox 1118 444 1197 506; x_wconf 89' lang='lat' dir='ltr'><strong>urbe</strong></span> 
     </span>
     <span class='ocr_line' id='line_1_3' title="bbox 254 534 1245 633; baseline 0.006 -25"><span class='ocrx_word' id='word_1_11' title='bbox 254 548 507 623; x_wconf 67' lang='lat' dir='ltr'><strong>rebellaverunt,</strong></span> <span class='ocrx_word' id='word_1_12' title='bbox 529 550 639 613; x_wconf 78' lang='lat' dir='ltr'><strong>vitiatis</strong></span> <span class='ocrx_word' id='word_1_13' title='bbox 662 551 821 633; x_wconf 87' lang='lat' dir='ltr'><strong>pecuniis,</strong></span> <span class='ocrx_word' id='word_1_14' title='bbox 845 562 874 611; x_wconf 91' lang='lat' dir='ltr'><strong>et</strong></span> <span class='ocrx_word' id='word_1_15' title='bbox 908 549 1093 612; x_wconf 81' lang='lat' dir='ltr'><strong>Felicissimo</strong></span> <span class='ocrx_word' id='word_1_16' title='bbox 1128 555 1201 614; x_wconf 87' lang='lat' dir='ltr'><strong>rati·</strong></span> <span class='ocrx_word' id='word_1_17' title='bbox 1240 534 1245 543; x_wconf 94' lang='lat'>.</span> 
     </span>
     <span class='ocr_line' id='line_1_4' title="bbox 263 660 1202 744; baseline 0.003 -23"><span class='ocrx_word' id='word_1_18' title='bbox 263 660 343 721; x_wconf 90' lang='lat' dir='ltr'><strong>onali</strong></span> <span class='ocrx_word' id='word_1_19' title='bbox 362 660 546 721; x_wconf 75' lang='lat' dir='ltr'><strong>interlector</strong></span> <span class='ocrx_word' id='word_1_20' title='bbox 568 679 643 744; x_wconf 78' lang='lat' dir='ltr'><strong>quos</strong></span> <span class='ocrx_word' id='word_1_21' title='bbox 672 662 855 724; x_wconf 81' lang='lat' dir='ltr'><strong>Aurelianus</strong></span> <span class='ocrx_word' id='word_1_22' title='bbox 876 661 971 723; x_wconf 86' lang='lat' dir='ltr'><strong>victos</strong></span> <span class='ocrx_word' id='word_1_23' title='bbox 994 661 1099 722; x_wconf 85' lang='lat' dir='ltr'><strong>ultima</strong></span> <span class='ocrx_word' id='word_1_24' title='bbox 1131 683 1202 724; x_wconf 88' lang='lat' dir='ltr'><strong>cru·</strong></span> 
     </span>
     <span class='ocr_line' id='line_1_5' title="bbox 262 769 1201 855; baseline 0.003 -26"><span class='ocrx_word' id='word_1_25' title='bbox 262 769 381 830; x_wconf 81' lang='lat' dir='ltr'><strong>delitatc</strong></span> <span class='ocrx_word' id='word_1_26' title='bbox 404 771 612 851; x_wconf 83' lang='lat' dir='ltr'><strong>compescuit:</strong></span> <span class='ocrx_word' id='word_1_27' title='bbox 633 772 779 855; x_wconf 89' lang='lat' dir='ltr'><strong>plurimos</strong></span> <span class='ocrx_word' id='word_1_28' title='bbox 806 771 922 833; x_wconf 86' lang='lat' dir='ltr'><strong>nobiles</strong></span> <span class='ocrx_word' id='word_1_29' title='bbox 948 773 1045 854; x_wconf 74' lang='lat' dir='ltr'><strong>capite</strong></span> <span class='ocrx_word' id='word_1_30' title='bbox 1078 772 1201 832; x_wconf 87' lang='lat' dir='ltr'><strong>damna-</strong></span> 
     </span>
     <span class='ocr_line' id='line_1_6' title="bbox 236 858 1199 965; baseline 0 -23"><span class='ocrx_word' id='word_1_31' title='bbox 236 858 327 942; x_wconf 45' lang='lat' dir='ltr'><strong>¹ait:</strong></span> <span class='ocrx_word' id='word_1_32' title='bbox 349 900 453 941; x_wconf 88' lang='lat' dir='ltr'><strong>saevus</strong></span> <span class='ocrx_word' id='word_1_33' title='bbox 475 891 505 945; x_wconf 85' lang='lat' dir='ltr'><strong>et</strong></span> <span class='ocrx_word' id='word_1_34' title='bbox 525 858 758 964; x_wconf 72' lang='lat' dir='ltr'><strong>sanguinarius,</strong></span> <span class='ocrx_word' id='word_1_35' title='bbox 780 901 815 941; x_wconf 88' lang='lat' dir='ltr'><strong>ac</strong></span> <span class='ocrx_word' id='word_1_36' title='bbox 839 882 1023 941; x_wconf 86' lang='lat' dir='ltr'><strong>necessarius</strong></span> <span class='ocrx_word' id='word_1_37' title='bbox 1048 883 1140 965; x_wconf 82' lang='lat' dir='ltr'><strong>magis</strong></span> <span class='ocrx_word' id='word_1_38' title='bbox 1164 882 1199 942; x_wconf 90' lang='lat' dir='ltr'><strong>in</strong></span> 
     </span>
     <span class='ocr_line' id='line_1_7' title="bbox 253 988 1198 1081; baseline 0.008 -36"><span class='ocrx_word' id='word_1_39' title='bbox 253 989 462 1081; x_wconf 56' lang='lat' dir='ltr'><strong>quibusdam,</strong></span> <span class='ocrx_word' id='word_1_40' title='bbox 484 1011 572 1071; x_wconf 86' lang='lat' dir='ltr'><strong>quam</strong></span> <span class='ocrx_word' id='word_1_41' title='bbox 602 991 635 1051; x_wconf 90' lang='lat' dir='ltr'><strong>in</strong></span> <span class='ocrx_word' id='word_1_42' title='bbox 653 990 717 1051; x_wconf 91' lang='lat' dir='ltr'><strong>ullo</strong></span> <span class='ocrx_word' id='word_1_43' title='bbox 750 988 882 1050; x_wconf 77' lang='lat' dir='ltr'><strong>amabilis</strong></span> <span class='ocrx_word' id='word_1_44' title='bbox 917 990 1092 1074; x_wconf 85' lang='lat' dir='ltr'><strong>imperator.</strong></span> <span class='ocrx_word' id='word_1_45' title='bbox 1112 993 1198 1053; x_wconf 81' lang='lat' dir='ltr'><strong>Trux</strong></span> 
     </span>
     <span class='ocr_line' id='line_1_8' title="bbox 208 1099 1200 1187; baseline 0.002 -26"><span class='ocrx_word' id='word_1_46' title='bbox 208 1154 213 1161; x_wconf 85' lang='grc'><em>,</em></span> <span class='ocrx_word' id='word_1_47' title='bbox 252 1100 638 1187; x_wconf 60' lang='lat' dir='ltr'><strong>5on1nitcmporc,etiam</strong></span> <span class='ocrx_word' id='word_1_48' title='bbox 670 1099 724 1161; x_wconf 89' lang='lat' dir='ltr'><strong>filii</strong></span> <span class='ocrx_word' id='word_1_49' title='bbox 745 1099 858 1160; x_wconf 87' lang='lat' dir='ltr'><strong>sororis</strong></span> <span class='ocrx_word' id='word_1_50' title='bbox 885 1100 1086 1162; x_wconf 80' lang='lat' dir='ltr'><strong>interlector:</strong></span> <span class='ocrx_word' id='word_1_51' title='bbox 1111 1100 1200 1162; x_wconf 87' lang='lat' dir='ltr'><strong>disci·</strong></span> 
     </span>
     <span class='ocr_line' id='line_1_9' title="bbox 255 1209 1201 1292; baseline -0.001 -21"><span class='ocrx_word' id='word_1_52' title='bbox 255 1211 361 1292; x_wconf 69' lang='lat' dir='ltr'><strong>plintae</strong></span> <span class='ocrx_word' id='word_1_53' title='bbox 381 1224 484 1292; x_wconf 86' lang='lat' dir='ltr'><strong>tamen</strong></span> <span class='ocrx_word' id='word_1_54' title='bbox 503 1210 639 1273; x_wconf 80' lang='lat' dir='ltr'><strong>militaris</strong></span> <span class='ocrx_word' id='word_1_55' title='bbox 661 1224 692 1274; x_wconf 89' lang='lat' dir='ltr'><strong>et</strong></span> <span class='ocrx_word' id='word_1_56' title='bbox 711 1231 832 1272; x_wconf 88' lang='lat' dir='ltr'><strong>morum</strong></span> <span class='ocrx_word' id='word_1_57' title='bbox 857 1209 1072 1271; x_wconf 82' lang='lat' dir='ltr'><strong>dissolutorum</strong></span> <span class='ocrx_word' id='word_1_58' title='bbox 1093 1231 1201 1292; x_wconf 79' lang='lat' dir='ltr'><strong>magna</strong></span> 
     </span>
     <span class='ocr_line' id='line_1_10' title="bbox 252 1292 1102 1405; baseline 0.004 -22"><span class='ocrx_word' id='word_1_59' title='bbox 252 1342 297 1400; x_wconf 55' lang='lat' dir='ltr'><strong>,eu</strong></span> <span class='ocrx_word' id='word_1_60' title='bbox 318 1333 592 1405; x_wconf 69' lang='lat' dir='ltr'><strong>parteeorrector.</strong></span> <span class='ocrx_word' id='word_1_61' title='bbox 642 1343 648 1353; x_wconf 64' lang='grc'><strong>“</strong></span> <span class='ocrx_word' id='word_1_62' title='bbox 1096 1292 1102 1305; x_wconf 26' lang='lat' dir='ltr'><strong>i</strong></span> 
     </span>
    </p>
   </div>
   <div class='ocr_carea' id='block_1_3' title="bbox 94 1492 1282 3461">
    <p class='ocr_par' dir='ltr' id='par_1_3' title="bbox 275 1492 1201 1598">
     <span class='ocr_line' id='line_1_11' title="bbox 275 1492 1201 1598; baseline -0.006 -20"><span class='ocrx_word' id='word_1_63' title='bbox 275 1492 396 1598; x_wconf 29' lang='lat' dir='ltr'><strong>*Cap</strong></span> <span class='ocrx_word' id='word_1_64' title='bbox 420 1519 489 1578; x_wconf 83' lang='lat' dir='ltr'><strong>XV.</strong></span> <span class='ocrx_word' id='word_1_65' title='bbox 513 1516 628 1579; x_wconf 86' lang='lat' dir='ltr'><strong>Urb&#39;ern</strong></span> <span class='ocrx_word' id='word_1_66' title='bbox 649 1519 778 1579; x_wconf 83' lang='lat' dir='ltr'><strong>Romam</strong></span> <span class='ocrx_word' id='word_1_67' title='bbox 811 1517 905 1577; x_wconf 83' lang='lat' dir='ltr'><strong>muris</strong></span> <span class='ocrx_word' id='word_1_68' title='bbox 929 1514 1113 1576; x_wconf 87' lang='lat' dir='ltr'><strong>firmioribus</strong></span> <span class='ocrx_word' id='word_1_69' title='bbox 1137 1513 1201 1574; x_wconf 87' lang='lat' dir='ltr'><strong>cio-</strong></span> 
     </span>
    </p>

    <p class='ocr_par' dir='ltr' id='par_1_4' title="bbox 197 1617 1202 1709">
     <span class='ocr_line' id='line_1_12' title="bbox 197 1617 1202 1709; baseline -0.005 -22"><span class='ocrx_word' id='word_1_70' title='bbox 197 1630 205 1647; x_wconf 71' lang='lat'>“</span> <span class='ocrx_word' id='word_1_71' title='bbox 256 1617 326 1687; x_wconf 72' lang='lat' dir='ltr'><strong>nit:</strong></span> <span class='ocrx_word' id='word_1_72' title='bbox 346 1625 492 1709; x_wconf 86' lang='lat' dir='ltr'><strong>templum</strong></span> <span class='ocrx_word' id='word_1_73' title='bbox 521 1626 586 1687; x_wconf 88' lang='lat' dir='ltr'><strong>Soli</strong></span> <span class='ocrx_word' id='word_1_74' title='bbox 607 1624 792 1698; x_wconf 87' lang='lat' dir='ltr'><strong>aedificavit,</strong></span> <span class='ocrx_word' id='word_1_75' title='bbox 815 1624 847 1684; x_wconf 91' lang='lat' dir='ltr'><strong>in</strong></span> <span class='ocrx_word' id='word_1_76' title='bbox 870 1645 930 1706; x_wconf 90' lang='lat' dir='ltr'><strong>quo</strong></span> <span class='ocrx_word' id='word_1_77' title='bbox 961 1623 1112 1690; x_wconf 83' lang='lat' dir='ltr'><strong>inlinitum</strong></span> <span class='ocrx_word' id='word_1_78' title='bbox 1134 1622 1202 1682; x_wconf 84' lang='lat' dir='ltr'><strong>auri</strong></span> 
     </span>
    </p>

    <p class='ocr_par' dir='ltr' id='par_1_5' title="bbox 254 1733 1199 1820">
     <span class='ocr_line' id='line_1_13' title="bbox 254 1733 1199 1820; baseline -0.003 -23"><span class='ocrx_word' id='word_1_79' title='bbox 254 1758 506 1820; x_wconf 70' lang='lat' dir='ltr'><strong>,gemmarumque</strong></span> <span class='ocrx_word' id='word_1_80' title='bbox 542 1733 709 1796; x_wconf 86' lang='lat' dir='ltr'><strong>constituit.</strong></span> <span class='ocrx_word' id='word_1_81' title='bbox 734 1733 926 1795; x_wconf 89' lang='lat' dir='ltr'><strong>Provinciam</strong></span> <span class='ocrx_word' id='word_1_82' title='bbox 945 1734 1087 1806; x_wconf 81' lang='lat' dir='ltr'><strong>Daciam,</strong></span> <span class='ocrx_word' id='word_1_83' title='bbox 1108 1755 1199 1815; x_wconf 88' lang='lat' dir='ltr'><strong>quam</strong></span> 
     </span>
    </p>

    <p class='ocr_par' dir='ltr' id='par_1_6' title="bbox 256 1843 1282 2041">
     <span class='ocr_line' id='line_1_14' title="bbox 256 1843 1199 1919; baseline -0.003 -12"><span class='ocrx_word' id='word_1_84' title='bbox 256 1848 409 1908; x_wconf 46' lang='lat' dir='ltr'><strong>*Traianus</strong></span> <span class='ocrx_word' id='word_1_85' title='bbox 428 1847 507 1910; x_wconf 90' lang='lat' dir='ltr'><strong>ultra</strong></span> <span class='ocrx_word' id='word_1_86' title='bbox 524 1844 702 1905; x_wconf 79' lang='lat' dir='ltr'><strong>Danubium</strong></span> <span class='ocrx_word' id='word_1_87' title='bbox 723 1843 856 1919; x_wconf 78' lang='lat' dir='ltr'><strong>fecorat,</strong></span> <span class='ocrx_word' id='word_1_88' title='bbox 876 1843 1060 1918; x_wconf 77' lang='lat' dir='ltr'><strong>intermisit,</strong></span> <span class='ocrx_word' id='word_1_89' title='bbox 1082 1855 1199 1904; x_wconf 83' lang='lat' dir='ltr'><strong>vastato</strong></span> 
     </span>
     <span class='ocr_line' id='line_1_15' title="bbox 264 1950 1282 2041; baseline -0.007 -24"><span class='ocrx_word' id='word_1_90' title='bbox 264 1956 348 2018; x_wconf 84' lang='lat' dir='ltr'><strong>omni</strong></span> <span class='ocrx_word' id='word_1_91' title='bbox 369 1957 490 2041; x_wconf 82' lang='lat' dir='ltr'><strong>Illyrico</strong></span> <span class='ocrx_word' id='word_1_92' title='bbox 512 1968 542 2016; x_wconf 83' lang='lat' dir='ltr'><strong>et</strong></span> <span class='ocrx_word' id='word_1_93' title='bbox 558 1954 696 2027; x_wconf 85' lang='lat' dir='ltr'><strong>lllocsia,</strong></span> <span class='ocrx_word' id='word_1_94' title='bbox 717 1950 901 2035; x_wconf 74' lang='lat' dir='ltr'><strong>desperans,</strong></span> <span class='ocrx_word' id='word_1_95' title='bbox 922 1975 987 2013; x_wconf 89' lang='lat' dir='ltr'><strong>eam</strong></span> <span class='ocrx_word' id='word_1_96' title='bbox 1018 1972 1105 2034; x_wconf 90' lang='lat' dir='ltr'><strong>posse</strong></span> <span class='ocrx_word' id='word_1_97' title='bbox 1126 1950 1201 2012; x_wconf 88' lang='lat' dir='ltr'><strong>reti·</strong></span> <span class='ocrx_word' id='word_1_98' title='bbox 1280 2014 1282 2016; x_wconf 62' lang='grc'>,</span> 
     </span>
    </p>

    <p class='ocr_par' dir='ltr' id='par_1_7' title="bbox 260 2060 1202 2148">
     <span class='ocr_line' id='line_1_16' title="bbox 260 2060 1202 2148; baseline -0.002 -26"><span class='ocrx_word' id='word_1_99' title='bbox 260 2066 353 2127; x_wconf 71' lang='lat' dir='ltr'><strong>‚neris</strong></span> <span class='ocrx_word' id='word_1_100' title='bbox 374 2065 578 2148; x_wconf 85' lang='lat' dir='ltr'><strong>abductosque</strong></span> <span class='ocrx_word' id='word_1_101' title='bbox 610 2067 766 2138; x_wconf 65' lang='lat' dir='ltr'><strong>Romanos</strong></span> <span class='ocrx_word' id='word_1_102' title='bbox 789 2084 824 2125; x_wconf 82' lang='lat' dir='ltr'><strong>cx</strong></span> <span class='ocrx_word' id='word_1_103' title='bbox 845 2061 971 2124; x_wconf 82' lang='lat' dir='ltr'><strong>urbibus</strong></span> <span class='ocrx_word' id='word_1_104' title='bbox 994 2073 1024 2121; x_wconf 88' lang='lat' dir='ltr'><strong>et</strong></span> <span class='ocrx_word' id='word_1_105' title='bbox 1043 2060 1121 2142; x_wconf 80' lang='lat' dir='ltr'><strong>agris</strong></span> <span class='ocrx_word' id='word_1_106' title='bbox 1140 2061 1202 2120; x_wconf 88' lang='lat' dir='ltr'><strong>Da-</strong></span> 
     </span>
    </p>

    <p class='ocr_par' dir='ltr' id='par_1_8' title="bbox 265 2170 1201 2262">
     <span class='ocr_line' id='line_1_17' title="bbox 265 2170 1201 2262; baseline -0.009 -25"><span class='ocrx_word' id='word_1_107' title='bbox 265 2176 327 2237; x_wconf 86' lang='lat' dir='ltr'><strong>ciae</strong></span> <span class='ocrx_word' id='word_1_108' title='bbox 347 2176 380 2237; x_wconf 87' lang='lat' dir='ltr'><strong>iu</strong></span> <span class='ocrx_word' id='word_1_109' title='bbox 400 2175 497 2262; x_wconf 87' lang='lat' dir='ltr'><strong>mcdia</strong></span> <span class='ocrx_word' id='word_1_110' title='bbox 529 2174 644 2235; x_wconf 83' lang='lat' dir='ltr'><strong>Moesia</strong></span> <span class='ocrx_word' id='word_1_111' title='bbox 678 2173 860 2248; x_wconf 75' lang='lat' dir='ltr'><strong>collocarit,</strong></span> <span class='ocrx_word' id='word_1_112' title='bbox 881 2170 1100 2255; x_wconf 71' lang='lat' dir='ltr'><strong>appellavitque</strong></span> <span class='ocrx_word' id='word_1_113' title='bbox 1134 2191 1201 2230; x_wconf 87' lang='lat' dir='ltr'><strong>cam</strong></span> 
     </span>
    </p>

    <p class='ocr_par' dir='ltr' id='par_1_9' title="bbox 94 2264 1201 2368">
     <span class='ocr_line' id='line_1_18' title="bbox 94 2264 1201 2368; baseline -0.01 -19"><span class='ocrx_word' id='word_1_114' title='bbox 94 2312 96 2325; x_wconf 89' lang='grc'><em>·</em></span> <span class='ocrx_word' id='word_1_115' title='bbox 183 2293 184 2296; x_wconf 72' lang='grc'>’</span> <span class='ocrx_word' id='word_1_116' title='bbox 261 2284 410 2360; x_wconf 86' lang='lat' dir='ltr'><strong>Daciam,</strong></span> <span class='ocrx_word' id='word_1_117' title='bbox 431 2264 507 2368; x_wconf 82' lang='lat' dir='ltr'><strong>quae</strong></span> <span class='ocrx_word' id='word_1_118' title='bbox 526 2306 621 2355; x_wconf 49' lang='lat' dir='ltr'><strong>,nunc</strong></span> <span class='ocrx_word' id='word_1_119' title='bbox 645 2284 719 2344; x_wconf 87' lang='lat' dir='ltr'><strong>duas</strong></span> <span class='ocrx_word' id='word_1_120' title='bbox 754 2284 881 2344; x_wconf 81' lang='lat' dir='ltr'><strong>Moesias</strong></span> <span class='ocrx_word' id='word_1_121' title='bbox 915 2281 1023 2342; x_wconf 82' lang='lat' dir='ltr'><strong>dividit</strong></span> <span class='ocrx_word' id='word_1_122' title='bbox 1043 2292 1072 2340; x_wconf 88' lang='lat' dir='ltr'><strong>et</strong></span> <span class='ocrx_word' id='word_1_123' title='bbox 1102 2291 1148 2340; x_wconf 86' lang='lat' dir='ltr'><strong>est</strong></span> <span class='ocrx_word' id='word_1_124' title='bbox 1168 2279 1201 2339; x_wconf 82' lang='lat' dir='ltr'><strong>in</strong></span> 
     </span>
    </p>

    <p class='ocr_par' dir='ltr' id='par_1_10' title="bbox 264 2389 1202 2475">
     <span class='ocr_line' id='line_1_19' title="bbox 264 2389 1202 2475; baseline -0.01 -18"><span class='ocrx_word' id='word_1_125' title='bbox 264 2398 368 2458; x_wconf 84' lang='lat' dir='ltr'><strong>dextra</strong></span> <span class='ocrx_word' id='word_1_126' title='bbox 384 2393 554 2467; x_wconf 83' lang='lat' dir='ltr'><strong>Danubio,</strong></span> <span class='ocrx_word' id='word_1_127' title='bbox 579 2394 611 2454; x_wconf 92' lang='lat' dir='ltr'><strong>in</strong></span> <span class='ocrx_word' id='word_1_128' title='bbox 633 2414 715 2452; x_wconf 87' lang='lat' dir='ltr'><strong>mare</strong></span> <span class='ocrx_word' id='word_1_129' title='bbox 733 2389 868 2475; x_wconf 79' lang='lat' dir='ltr'><strong>fluenti,</strong></span> <span class='ocrx_word' id='word_1_130' title='bbox 893 2412 962 2452; x_wconf 87' lang='lat' dir='ltr'><strong>cum</strong></span> <span class='ocrx_word' id='word_1_131' title='bbox 987 2401 1073 2451; x_wconf 83' lang='lat' dir='ltr'><strong>antea</strong></span> <span class='ocrx_word' id='word_1_132' title='bbox 1108 2389 1202 2450; x_wconf 83' lang='lat' dir='ltr'><strong>fuerit</strong></span> 
     </span>
    </p>

    <p class='ocr_par' dir='ltr' id='par_1_11' title="bbox 262 2480 1199 2585">
     <span class='ocr_line' id='line_1_20' title="bbox 262 2480 1199 2585; baseline -0.014 -17"><span class='ocrx_word' id='word_1_133' title='bbox 262 2507 295 2568; x_wconf 89' lang='lat' dir='ltr'><strong>iu</strong></span> <span class='ocrx_word' id='word_1_134' title='bbox 315 2507 408 2568; x_wconf 83' lang='lat' dir='ltr'><strong>laeva.</strong></span> <span class='ocrx_word' id='word_1_135' title='bbox 432 2480 590 2565; x_wconf 84' lang='lat' dir='ltr'><strong>Occiditur</strong></span> <span class='ocrx_word' id='word_1_136' title='bbox 608 2502 688 2562; x_wconf 85' lang='lat' dir='ltr'><strong>servi</strong></span> <span class='ocrx_word' id='word_1_137' title='bbox 706 2502 754 2562; x_wconf 85' lang='lat' dir='ltr'><strong>sui</strong></span> <span class='ocrx_word' id='word_1_138' title='bbox 773 2501 900 2573; x_wconf 81' lang='lat' dir='ltr'><strong>fraude,</strong></span> <span class='ocrx_word' id='word_1_139' title='bbox 921 2499 973 2582; x_wconf 89' lang='lat' dir='ltr'><strong>qui</strong></span> <span class='ocrx_word' id='word_1_140' title='bbox 994 2499 1031 2559; x_wconf 87' lang='lat' dir='ltr'><strong>ad</strong></span> <span class='ocrx_word' id='word_1_141' title='bbox 1054 2497 1199 2585; x_wconf 86' lang='lat' dir='ltr'><strong>quosdam</strong></span> 
     </span>
    </p>

    <p class='ocr_par' dir='ltr' id='par_1_12' title="bbox 197 2608 1200 2693">
     <span class='ocr_line' id='line_1_21' title="bbox 197 2608 1200 2693; baseline -0.012 -15"><span class='ocrx_word' id='word_1_142' title='bbox 197 2658 200 2664; x_wconf 25' lang='grc' dir='ltr'><strong>Δ</strong></span> <span class='ocrx_word' id='word_1_143' title='bbox 243 2614 404 2677; x_wconf 74' lang='lat' dir='ltr'><strong>‚militares</strong></span> <span class='ocrx_word' id='word_1_144' title='bbox 423 2612 661 2687; x_wconf 75' lang='lat' dir='ltr'><strong>.uiros,.amicos</strong></span> <span class='ocrx_word' id='word_1_145' title='bbox 681 2608 797 2693; x_wconf 76' lang='lat' dir='ltr'><strong>ipsim,</strong></span> <span class='ocrx_word' id='word_1_146' title='bbox 817 2610 938 2671; x_wconf 89' lang='lat' dir='ltr'><strong>nomina</strong></span> <span class='ocrx_word' id='word_1_147' title='bbox 959 2608 1084 2691; x_wconf 86' lang='lat' dir='ltr'><strong>pertulit</strong></span> <span class='ocrx_word' id='word_1_148' title='bbox 1104 2627 1200 2667; x_wconf 89' lang='lat' dir='ltr'><strong>anuo·</strong></span> 
     </span>
    </p>

    <p class='ocr_par' dir='ltr' id='par_1_13' title="bbox 244 2716 1199 2801">
     <span class='ocr_line' id='line_1_22' title="bbox 244 2716 1199 2801; baseline -0.009 -16"><span class='ocrx_word' id='word_1_149' title='bbox 244 2737 343 2796; x_wconf 62' lang='lat' dir='ltr'><strong>tata,</strong></span> <span class='ocrx_word' id='word_1_150' title='bbox 363 2723 438 2784; x_wconf 86' lang='lat' dir='ltr'><strong>falso</strong></span> <span class='ocrx_word' id='word_1_151' title='bbox 458 2746 580 2785; x_wconf 88' lang='lat' dir='ltr'><strong>manum</strong></span> <span class='ocrx_word' id='word_1_152' title='bbox 595 2724 665 2784; x_wconf 80' lang='lat' dir='ltr'><strong>eius</strong></span> <span class='ocrx_word' id='word_1_153' title='bbox 674 2722 832 2795; x_wconf 82' lang='lat' dir='ltr'><strong>imitatus,</strong></span> <span class='ocrx_word' id='word_1_154' title='bbox 853 2733 996 2801; x_wconf 82' lang='lat' dir='ltr'><strong>tanquam</strong></span> <span class='ocrx_word' id='word_1_155' title='bbox 1017 2716 1199 2779; x_wconf 81' lang='lat' dir='ltr'><strong>Aurelianus</strong></span> 
     </span>
    </p>

    <p class='ocr_par' dir='ltr' id='par_1_14' title="bbox 250 2822 1200 2914">
     <span class='ocr_line' id='line_1_23' title="bbox 250 2822 1200 2914; baseline -0.013 -19"><span class='ocrx_word' id='word_1_156' title='bbox 250 2836 343 2914; x_wconf 71' lang='lat' dir='ltr'><strong>”ipsos</strong></span> <span class='ocrx_word' id='word_1_157' title='bbox 365 2845 485 2914; x_wconf 78' lang='lat' dir='ltr'><strong>pararet</strong></span> <span class='ocrx_word' id='word_1_158' title='bbox 520 2832 669 2899; x_wconf 83' lang='lat' dir='ltr'><strong>occidere.</strong></span> <span class='ocrx_word' id='word_1_159' title='bbox 701 2834 805 2913; x_wconf 84' lang='lat' dir='ltr'><strong>ltaque</strong></span> <span class='ocrx_word' id='word_1_160' title='bbox 833 2842 872 2890; x_wconf 87' lang='lat' dir='ltr'><strong>ut</strong></span> <span class='ocrx_word' id='word_1_161' title='bbox 891 2829 1142 2911; x_wconf 84' lang='lat' dir='ltr'><strong>praeveniretur,</strong></span> <span class='ocrx_word' id='word_1_162' title='bbox 1162 2822 1200 2885; x_wconf 89' lang='lat' dir='ltr'><strong>ab</strong></span> 
     </span>
    </p>

    <p class='ocr_par' dir='ltr' id='par_1_15' title="bbox 263 2936 1201 3021">
     <span class='ocr_line' id='line_1_24' title="bbox 263 2936 1201 3021; baseline -0.006 -21"><span class='ocrx_word' id='word_1_163' title='bbox 263 2938 368 3000; x_wconf 82' lang='lat' dir='ltr'><strong>iisdem</strong></span> <span class='ocrx_word' id='word_1_164' title='bbox 401 2938 578 3002; x_wconf 81' lang='lat' dir='ltr'><strong>interfectus</strong></span> <span class='ocrx_word' id='word_1_165' title='bbox 601 2952 646 3002; x_wconf 86' lang='lat' dir='ltr'><strong>est</strong></span> <span class='ocrx_word' id='word_1_166' title='bbox 675 2941 709 3000; x_wconf 89' lang='lat' dir='ltr'><strong>in</strong></span> <span class='ocrx_word' id='word_1_167' title='bbox 729 2940 846 3001; x_wconf 86' lang='lat' dir='ltr'><strong>itineris</strong></span> <span class='ocrx_word' id='word_1_168' title='bbox 870 2938 969 3000; x_wconf 88' lang='lat' dir='ltr'><strong>medio</strong></span> <span class='ocrx_word' id='word_1_169' title='bbox 983 2984 993 3013; x_wconf 90' lang='lat'>‚</span> <span class='ocrx_word' id='word_1_170' title='bbox 1016 2937 1096 3021; x_wconf 87' lang='lat' dir='ltr'><strong>quod</strong></span> <span class='ocrx_word' id='word_1_171' title='bbox 1118 2936 1201 2999; x_wconf 84' lang='lat' dir='ltr'><strong>iuter</strong></span> 
     </span>
    </p>

    <p class='ocr_par' dir='ltr' id='par_1_16' title="bbox 201 3043 1202 3135">
     <span class='ocr_line' id='line_1_25' title="bbox 201 3043 1202 3135; baseline -0.004 -27"><span class='ocrx_word' id='word_1_172' title='bbox 201 3130 204 3135; x_wconf 16' lang='lat'>4</span> <span class='ocrx_word' id='word_1_173' title='bbox 263 3043 550 3129; x_wconf 85' lang='lat' dir='ltr'><strong>Constantinopolin</strong></span> <span class='ocrx_word' id='word_1_174' title='bbox 583 3063 615 3112; x_wconf 86' lang='lat' dir='ltr'><strong>et</strong></span> <span class='ocrx_word' id='word_1_175' title='bbox 644 3050 821 3112; x_wconf 87' lang='lat' dir='ltr'><strong>Heracleam</strong></span> <span class='ocrx_word' id='word_1_176' title='bbox 856 3062 901 3111; x_wconf 83' lang='lat' dir='ltr'><strong>cst</strong></span> <span class='ocrx_word' id='word_1_177' title='bbox 934 3052 1043 3109; x_wconf 65' lang='lat' dir='ltr'><strong>stratae</strong></span> <span class='ocrx_word' id='word_1_178' title='bbox 1078 3044 1202 3107; x_wconf 81' lang='lat' dir='ltr'><strong>veteris.</strong></span> 
     </span>
    </p>

    <p class='ocr_par' dir='ltr' id='par_1_17' title="bbox 257 3154 1204 3242">
     <span class='ocr_line' id='line_1_26' title="bbox 257 3154 1204 3242; baseline -0.007 -20"><span class='ocrx_word' id='word_1_179' title='bbox 257 3159 360 3223; x_wconf 71' lang='lat' dir='ltr'><strong>lacus</strong></span> <span class='ocrx_word' id='word_1_180' title='bbox 391 3154 655 3239; x_wconf 83' lang='lat' dir='ltr'><strong>Caenophrurium</strong></span> <span class='ocrx_word' id='word_1_181' title='bbox 687 3160 879 3242; x_wconf 72' lang='lat' dir='ltr'><strong>appellatur.v</strong></span> <span class='ocrx_word' id='word_1_182' title='bbox 896 3159 980 3219; x_wconf 85' lang='lat' dir='ltr'><strong>Mors</strong></span> <span class='ocrx_word' id='word_1_183' title='bbox 1004 3170 1104 3218; x_wconf 88' lang='lat' dir='ltr'><strong>tamen</strong></span> <span class='ocrx_word' id='word_1_184' title='bbox 1139 3156 1204 3216; x_wconf 89' lang='lat' dir='ltr'><strong>eius</strong></span> 
     </span>
    </p>

    <p class='ocr_par' dir='ltr' id='par_1_18' title="bbox 259 3266 1201 3352">
     <span class='ocr_line' id='line_1_27' title="bbox 259 3266 1201 3352; baseline -0.001 -26"><span class='ocrx_word' id='word_1_185' title='bbox 259 3267 358 3328; x_wconf 82' lang='lat' dir='ltr'><strong>inulta</strong></span> <span class='ocrx_word' id='word_1_186' title='bbox 383 3287 446 3328; x_wconf 93' lang='lat' dir='ltr'><strong>non</strong></span> <span class='ocrx_word' id='word_1_187' title='bbox 480 3267 548 3329; x_wconf 86' lang='lat' dir='ltr'><strong>fuit.</strong></span> <span class='ocrx_word' id='word_1_188' title='bbox 570 3268 685 3332; x_wconf 85' lang='lat' dir='ltr'><strong>Meruit</strong></span> <span class='ocrx_word' id='word_1_189' title='bbox 706 3291 827 3352; x_wconf 87' lang='lat' dir='ltr'><strong>quoquc</strong></span> <span class='ocrx_word' id='word_1_190' title='bbox 855 3269 935 3330; x_wconf 84' lang='lat' dir='ltr'><strong>inter</strong></span> <span class='ocrx_word' id='word_1_191' title='bbox 971 3268 1054 3329; x_wconf 78' lang='lat' dir='ltr'><strong>clivos</strong></span> <span class='ocrx_word' id='word_1_192' title='bbox 1077 3266 1201 3328; x_wconf 79' lang='lat' dir='ltr'><strong>relerri.</strong></span> 
     </span>
    </p>

    <p class='ocr_par' dir='ltr' id='par_1_19' title="bbox 256 3376 920 3461">
     <span class='ocr_line' id='line_1_28' title="bbox 256 3376 920 3461; baseline 0 -23"><span class='ocrx_word' id='word_1_193' title='bbox 256 3376 423 3456; x_wconf 82' lang='lat' dir='ltr'><strong>Jmpcravit</strong></span> <span class='ocrx_word' id='word_1_194' title='bbox 441 3397 535 3438; x_wconf 85' lang='lat' dir='ltr'><strong>annos</strong></span> <span class='ocrx_word' id='word_1_195' title='bbox 555 3378 713 3461; x_wconf 90' lang='lat' dir='ltr'><strong>quinque,</strong></span> <span class='ocrx_word' id='word_1_196' title='bbox 735 3399 851 3440; x_wconf 90' lang='lat' dir='ltr'><strong>menses</strong></span> <span class='ocrx_word' id='word_1_197' title='bbox 878 3393 920 3438; x_wconf 66' lang='lat' dir='ltr'><strong>vt</strong></span> 
     </span>
    </p>
   </div>
   <div class='ocr_carea' id='block_1_4' title="bbox 0 0 1322 4017">
    <p class='ocr_par' dir='ltr' id='par_1_20' title="bbox 0 0 1322 4017">
     <span class='ocr_line' id='line_1_29' title="bbox 0 0 1322 4017; baseline 0 0"><span class='ocrx_word' id='word_1_198' title='bbox 0 0 1322 4017; x_wconf 95' lang='lat' dir='ltr'><strong> </strong></span> 
     </span>
    </p>
   </div>
  </div>
 </body>
</html>
