2617 4017
250 305 300 369 38-
581 271 869 365 uuruoerr‘

249 469 315 527 niae
326 499 341 542 ·,.
358 487 537 548 quamquam
567 486 704 577 sororem
740 469 841 529 Persei
871 489 998 531 uxorem
1031 468 1187 545 haberet,

163 576 381 657 Austrisque
410 597 443 636 se
472 595 599 657 aequum
631 575 781 657 praebuit.
813 577 882 638 Dux
913 579 1125 639 Romanorum
1141 582 1178 641 P.

164 651 228 718 38¹
245 683 376 746 Licinius
394 699 461 744 cos.
496 694 603 744 contra
624 705 692 746 eum
715 684 820 745 missus
841 697 909 760 est,
924 696 954 746 et
973 706 989 744 a
1006 706 1077 767 rege
1095 686 1183 768 gravi

244 793 360 871 proelio
379 787 486 853 victus.
507 792 613 874 Neque
632 804 733 853 tamen
753 792 910 867 Romani,
925 813 1103 874 quamquam
1126 812 1179 853 su·

244 901 363 981 parati,
380 900 446 982 regi
467 900 582 982 petenti
602 920 705 981 pacem
735 912 887 981 praestare
903 911 905 915 ‘
919 900 1081 961 voluerunt
1091 942 1102 972 ‚
1120 899 1181 960 uisi

246 1007 290 1069 lris
320 1008 567 1083 conditionibus:
597 1022 630 1069 ut
661 1001 740 1069 sect
765 1030 831 1068 suos
862 1004 979 1068 senatui
1010 1021 1037 1068 rt
1066 1008 1178 1086 pupulo

159 1135 227 1176 su.
244 1118 324 1178 Rom.
361 1116 486 1176 dederet.
509 1116 580 1175 Mox
600 1114 706 1174 missus
735 1125 840 1175 contra
873 1135 941 1174 eum
972 1114 1007 1175 L.
1027 1112 1176 1175 Aemilius

163 1198 228 1262 '534
244 1222 364 1284 Paullus
386 1235 452 1282 cos,
474 1213 550 1281 etin
568 1221 719 1305 Illyricum
736 1218 773 1282 C.
793 1221 918 1283 Anicius
934 1232 1177 1316 praetorlcuntra

244 1329 398 1391 Gentium.
419 1329 477 1412 Sed
497 1328 626 1389 Gentius
648 1327 734 1389 facile
754 1349 818 1389 unu
841 1329 957 1409 proelio
978 1330 1086 1403 victus,
1104 1349 1177 1391 mox

172 1499 176 1504 ,
243 1458 275 1497 se
295 1436 417 1497 dedidit.
449 1436 652 1509 lllater‘eius,
671 1447 702 1497 et
720 1456 821 1511 uxor,
842 1437 958 1497 etduo
988 1437 1063 1510 filii,
1082 1437 1176 1496 irater

244 1565 364 1626 qunque
394 1543 483 1603 simul
509 1543 541 1602 in
564 1539 742 1623 potestatem
776 1524 984 1605 Romanorum
1015 1556 1175 1607 venerunt.

245 1654 288 1716 lta
310 1649 485 1734 belluintra
509 1665 575 1711 xxx
597 1649 659 1709 dies
679 1648 838 1730 perlecto,
857 1663 925 1711 ante
957 1653 1110 1735 cognitum
1131 1665 1177 1711 est

245 1760 390 1821 Gentium
410 1759 541 1829 victum,
561 1778 649 1839 quam
673 1768 814 1838 coeptum
835 1756 945 1819 bellum
959 1760 1171 1821 nuntiaretur.

284 1868 377 1949 Cap.
400 1869 468 1927 Vll.
500 1866 606 1948 (tv.)
633 1864 710 1927 Cum
744 1867 854 1927 Perseo
895 1867 994 1926 autem
1030 1865 1176 1926 Aemilius

244 1977 365 2038 Paullus
387 1983 452 2057 dou.
472 1991 507 2035 111
531 1975 612 2034 Non.
635 1972 817 2055 Septembris
851 1972 1017 2044 dimicavit,
1042 1973 1176 2052 vicitque

245 2109 338 2158 eum,
365 2100 409 2145 xx
439 2082 567 2143 millibus
599 2080 734 2162 peditum
770 2082 832 2141 eius
866 2077 981 2139 occisis.
1015 2079 1177 2160 Equitatus

243 2215 310 2256 curn
331 2212 401 2274 rege
421 2190 499 2272 fugit
521 2190 661 2271 intege13
681 2188 887 2250 Rornanorum
908 2201 927 2245 c
947 2186 1054 2247 milites
1075 2188 1178 2248 amissi

239 2313 332 2375 sunt3
353 2300 443 2360 urbes
466 2296 660 2359 Macedoniae
694 2301 820 2368 omnes,
842 2316 913 2376 quas
939 2314 993 2355 rex
1014 2306 1177 2369 tenuerat,

233 2409 385 2471 'Romanis
417 2429 448 2467 se
469 2405 659 2466 dediderunt.
695 2405 760 2483 lpse
789 2424 863 2474 rex,
884 2423 952 2462 cum
985 2402 1176 2463 desereretur

240 2518 281 2577 ab
301 2515 400 2576 amicis
415 2559 424 2589 ,
440 2513 526 2575 “venit
558 2514 590 2573 in
610 2512 707 2573 Paulli
739 2519 927 2592 potestatem.
950 2509 1008 2569 Sed
1027 2503 1179 2595 honorem
1204 2499 1207 2508 ’

244 2626 271 2685 ei
289 2621 452 2695 Aemilius,
473 2641 536 2681 non
558 2619 642 2702 quasi
663 2620 764 2693 victo,
784 2616 899 2677 habuit.
925 2617 1001 2677 Nam
1022 2628 1052 2677 et
1072 2615 1177 2677 volen-

243 2746 302 2790 tem
327 2730 362 2789 ad
383 2730 472 2811 pedes
495 2729 552 2790 sibi
586 2728 691 2789 cadere
706 2771 715 2799 ,
732 2749 796 2788 non
817 2725 973 2806 permisit,
992 2735 1022 2783 et
1040 2722 1123 2782 iuxta
1143 2741 1178 2781 se

245 2840 276 2897 in
294 2838 363 2898 sella
386 2836 551 2898 collocavit.
572 2833 786 2895 Macedonibus
807 2845 837 2894 et
859 2831 965 2915 Illyriis
988 2830 1042 2889 hae
1060 2828 1139 2909 leges
1158 2848 1177 2887 a
1204 2855 1206 2858 ’

244 2945 388 3008 Romanis
418 2938 523 3008 ¹datae&
546 2960 578 3006 ut
598 2944 687 3005 tiberi
713 2953 824 3013 essent,
845 2953 872 3000 ct
890 2939 1055 3022 dimidium
1078 2958 1178 2997 eorum

190 3093 196 3106 =
246 3053 421 3113 tributorum
450 3065 657 3131 praestarent,
681 3069 756 3128 quur
787 3048 907 3128 regibus
937 3044 1179 3123 praestitissent,
1204 3093 1207 3098 ,

245 3145 281 3219 ut
301 3171 476 3241 appareret,
507 3158 652 3242 populum
671 3156 761 3217 Rom.
793 3172 850 3234 pro
881 3151 1030 3233 aequitate
1065 3149 1157 3231 magis
1169 3195 1179 3222 ,

247 3289 335 3348 quam
370 3267 493 3328 avaritia
516 3265 666 3328 dimicare.
690 3263 790 3345 Atque
812 3261 845 3320 in
864 3269 1016 3320 conventu
1044 3255 1179 3316 infinito·

249 3397 313 3442 rum
334 3376 515 3458 populorum
534 3371 654 3437 Paullus
668 3374 740 3433 haer
759 3365 984 3452 pronuntiarim
997 3375 1034 3450 et
1054 3360 1179 3442 legatio·
