2617 4017
452 260 607 337 tmen
633 272 717 333 suu
1002 263 1046 329 ss

114 449 341 503 commoverat}
364 438 457 503 multa
487 439 644 499 huminum
676 436 770 498 millia
802 435 973 513 interfecit,
995 463 1049 512 ae,

116 525 282 608 Pannoniis
301 546 425 607 servitio
444 546 594 621 liberatis,
613 547 727 610 Romae
749 569 853 608 rursus
873 569 941 607 cum
959 545 1049 609 Com·

87 718 93 723 ,
116 655 208 717 modo
240 654 400 717 Antonino
421 655 484 716 lilio
507 677 586 727 suo,
608 677 697 737 quem
720 654 779 716 iam
796 653 953 717 Caesarem
974 657 1052 719 fece·

118 771 189 835 rat,
208 761 413 851 triumphavit.
429 762 483 826 -Ad
503 762 590 823 buius
623 764 694 824 belli
725 787 837 837 usum,
857 764 972 826 aerario
1005 787 1054 825 ex.-
1136 838 1137 841 Ἴ

36 942 39 945 ,
119 869 252 943 bausto,
273 892 340 931 eum
359 871 533 954 largitiones
558 873 654 933 nullas
678 872 824 945 haberet,
854 894 951 956 neque
977 874 1054 933 indi·
1122 954 1126 959 ἢ

121 998 192 1042 cere
210 980 445 1062 provincialibus
467 993 519 1042 aut
540 981 658 1042 senatui
679 981 791 1064 aliquid
811 983 901 1044 vellet
912 1028 922 1056 ‚
944 982 1055 1043 instru-

120 1099 259 1152 mentum
291 1089 365 1172 regii
389 1090 511 1164 cultus,
533 1090 610 1151 lacta
633 1090 665 1151 in
684 1090 752 1168 loro
774 1091 835 1151 divi
865 1092 989 1151 Traiani
1011 1114 1056 1152 se·

123 1197 248 1272 ctione,
275 1198 434 1260 distraxit:
455 1220 525 1262 vasa
559 1221 672 1275 aurea,
693 1200 801 1283 poeula
837 1201 1007 1286 crystallina
1018 1211 1057 1260 -ct

121 1304 306 1382 marmiun,
327 1307 466 1371 uxoriam
498 1329 532 1371 ac
550 1331 634 1371 suam
655 1310 780 1371 sericam
801 1322 832 1371 et
853 1332 975 1370 auream
995 1332 1059 1369 ves·

123 1429 187 1477 tem
197 1424 215 1492 ,‘
228 1418 322 1479 multa
342 1429 520 1488 ornamenta
539 1438 746 1501 gemmarum
766 1439 800 1479 ae
815 1436 873 1500 ‘per
892 1417 968 1477 duos
987 1437 1060 1476 eon·

93 1546 97 1551 “
124 1523 229 1586 tineos
243 1546 360 1588 menses
373 1547 409 1588 ea
421 1525 566 1588 venditio·
576 1525 677 1588 habita
697 1538 764 1600 est,
786 1526 973 1607 multumque
995 1526 1060 1584 auri

124 1631 292 1696 redactum·
312 1635 403 1695 ¹Post
435 1634 594 1697 victoriam
629 1635 731 1693 tame‘n
764 1633 930 1694 emtoribus
964 1636 1060 1715 pretia

125 1742 280 1815 restitnit,
300 1740 352 1823 qui
371 1739 498 1801 reddere
520 1751 692 1821 comparata
712 1739 897 1801 voluerunt:
921 1742 1062 1804 molestus

128 1849 207 1913 nulli
225 1848 308 1923 fuit,
327 1849 379 1932 qui
400 1848 506 1910 maluit
522 1847 614 1913 semel
635 1860 713 1911 emta
732 1849 873 1912 retinere.

170 2004 265 2100 Cap·
286 1974 448 2079 xlvsflic
466 1996 601 2100 permisit
624 2015 697 2079 viris
718 2010 918 2086 clarioribus,
938 2025 972 2073 ιιι
993 2034 1065 2075 con·

131 2129 210 2192 uitia
230 2128 336 2191 eodem
358 2128 464 2200 cultu,
484 2147 546 2209 qun
569 2126 657 2208 ipse,
678 2137 709 2186 et
730 2123 875 2185 ministris
897 2122 1066 2197 similibus,
1168 2118 1174 2133 “

131 2236 318 2300 exhiberent.
340 2237 375 2296 lu
397 2235 529 2296 editione
551 2254 712 2296 munerum
730 2245 799 2315 post
815 2232 971 2293 victoriam
993 2231 1066 2291 aden

131 2343 307 2425 magnificus
332 2343 391 2404 luit
403 2384 414 2418 ‚
432 2355 469 2404 ut
496 2356 618 2404 centum
648 2343 740 2403 'simul
766 2342 869 2421 leones
902 2339 1068 2401 euhibnisse

132 2452 280 2513 undatur.
302 2449 378 2513 Cum
400 2451 492 2536 igitur
519 2436 703 2515 lortunitam
725 2449 939 2532 rempublicam
962 2461 992 2508 et
1010 2448 1068 2508 rir—
1082 2455 1148 2498 Μ·

134 2548 201 2622 tute
222 2572 253 2622 et
277 2563 512 2624 mansuetudine·
536 2561 736 2634 reddidisset,
759 2558 834 2620 obiit
852 2575 931 2619 xvrn
951 2546 1074 2638 imperii
1085 2538 1151 2661 130

135 2688 242 2742 anno,
263 2668 341 2732 vitae
363 2686 436 2744 ιιι,
454 2684 484 2732 et
506 2670 645 2734 omnibus
677 2669 811 2733 certatim
846 2666 1069 2742 annitentibus,

134 2781 216 2842 inter
237 2780 320 2844 divos
341 2782 451 2843 relatus
473 2793 528 2843 est.

177 2943 271 3026 Cap.
299 2940 368 3007 XV'.
392 2943 514 3030 (vlt)
538 2946 636 3006 Huius
659 2946 814 3019 successor
846 2952 875 3005 ι..
902 2957 1072 3004 Amometus
1169 2996 1173 3018 ,

135 3054 312 3115 COMMODUS
350 3054 422 3114 nihil
446 3067 605 3139 paternum
628 3053 758 3126 babuit,
780 3051 838 3113 nisi
860 3053 942 3134 quod
967 3062 1072 3111 contra

137 3163 306 3223 Germanos
326 3163 453 3227 feliciter
468 3161 575 3244 etipse
595 3160 749 3244 pugnavit.
770 3161 976 3243 Septembrem
991 3182 1074 3220 men·
1111 3216 1117 3224 ,

134 3262 200 3335 sem
216 3271 254 3332 ad
276 3255 495 3333 nomen'suurn
511 3271 675 3333 transferre·
696 3283 821 3333 conatus
842 3282 910 3343 est,
929 3282 964 3331 nt
984 3268 1075 3328 Coun·
1178 3336 1181 3341 Ι
1209 3283 1236 3327 ,⁸

136 3379 246 3459 modus
275 3378 436 3444 diceretur.
460 3383 519 3471 Sed
537 3383 656 3447 luxuria
676 3394 707 3446 et
725 3383 910 3445 obscenitate
932 3378 1076 3461 depmua·v
