2617 4017
165 304 170 311 -
246 262 315 327 stt
465 258 470 263 ’
576 258 875 322 EUTROPllx

242 424 376 486 Helenae
397 445 510 486 nomen
532 437 578 486 est
590 470 600 499 ,
622 446 704 486 auno
737 424 857 506 imperii
885 423 1002 485 decimo
1027 425 1186 507 septimo,

244 530 347 593 astutia
378 532 560 614 trigesimo·
581 534 672 596 relius
694 545 802 595 tamen
829 532 967 616 plurimis
994 545 1118 595 strenue
1149 535 1189 598 itt

247 638 352 703 militis
385 641 497 720 gestis,
518 642 724 724 exercituique
755 664 811 726 per
841 663 931 705 omne
963 642 1042 707 vitae
1062 654 1185 727 tempus

250 746 316 809 tine
336 748 425 830 gravi
438 750 615 812 crudelitate
636 750 792 814 terribilis.

292 913 388 998 (lap
411 917 450 978 X,
474 916 552 999 (VI.
567 917 587 1003 )
602 917 726 979 Diversa
750 931 930 978 consulent
963 860 1090 978 fortuna
1114 913 1186 978 fuit,

254 1023 283 1084 A
303 1025 400 1086 Persis
424 1026 504 1087 onim
525 1028 618 1087 multa
637 1038 668 1087 ct
689 1027 790 1108 gravia
809 1047 987 1108 perpessus,
1008 1044 1096 1105 saepe
1120 1044 1191 1106 eap-

253 1132 293 1199 tis
314 1123 453 1216 oppidis,
478 1134 604 1196 obsessis
624 1134 768 1206 orbilius,
787 1134 878 1194 eaesis
900 1134 1101 1210 exercitibus3
1122 1136 1192 1196 nul·
1244 1188 1247 1199 .

170 1254 239 1303 lte.
255 1241 428 1325 lumque
402 1265 430 1302 er
454 1255 560 1305 contra
578 1246 724 1325 Saporem
745 1265 923 1325 prosperum
945 1244 1092 1325 proelium
1110 1233 1191 1319 foit3

107 1401 215 1467 3
193 1340 323 1474 ''l-enisi
336 1350 418 1432 quod
439 1350 519 1433 apud
540 1353 711 1434 Singaram
730 1353 810 1413 haud
832 1352 953 1412 dubiam
970 1349 1128 1412 victoriam
1150 1348 1195 1409 sc·

203 1422 219 1465 ¹
256 1457 342 1523 roeia
364 1458 492 1518 militum
515 1459 632 1534 amisit,
651 1460 705 1539 qui
726 1479 858 1541 pugnam
875 1457 1016 1519 seditiose
1030 1469 1061 1518 et
1075 1456 1195 1530 stolide,

261 1577 369 1626 eontra
401 1566 552 1635 rationem
576 1565 670 1640 belli,
694 1567 743 1628 die
767 1567 825 1628 iam
846 1565 1028 1649 praecipiti,
1048 1572 1197 1647 poposce-

178 1706 246 1753 Μ,
263 1686 344 1735 runt.
376 1676 448 1734 Post
481 1672 656 1736 Constantis
696 1696 822 1749 necem,
847 1674 1024 1756 Magnentio
1057 1674 1198 1748 testim,

197 1790 227 1831 ⁸⁴·
264 1783 423 1858 Africam,
456 1784 589 1857 Gallias,
625 1783 806 1856 obtinente,
836 1785 926 1845 etiam
962 1783 1113 1866 Illyricum
1147 1803 1224 1876 reu!

179 1853 251 1916 350

267 1915 358 1954 novas
378 1894 502 1965 habuit,
522 1906 721 1953 vutnnntonn
741 1894 777 1953 ad
797 1893 956 1976 imperium
975 1912 1124 1954 consensu
1145 1891 1207 1952 mi-

222 1988 242 1995 *
267 1997 353 2058 litum
375 1999 469 2058 el'ccto
485 2025 502 2073 ς,
517 2022 605 2080 quem
628 2004 830 2085 grandaevum
849 2004 917 2075 iam,
936 2013 966 2062 et
987 2000 1104 2062 cunctis
1123 2021 1208 2060 ama·

269 2105 358 2166 bilem
395 2106 594 2168 diuturnitate
617 2122 648 2169 et
667 2110 807 2171 felicitate
831 2110 975 2182 militiae,
995 2108 1039 2167 ad'
1052 2109 1203 2169 tuendum

272 2215 448 2299 Illyricum,
469 2219 637 2300 principem
676 2230 877 2292 creaverunt;
900 2218 998 2279 virum
1020 2214 1150 2297 probum
1172 2229 1205 2278 et

271 2342 391 2385 morum
411 2337 565 2400 veterum,
583 2349 616 2388 ac
636 2327 784 2389 incundae
808 2327 977 2400 civilitatis,
995 2325 1055 2386 sed
1068 2323 1207 2393 omniurn

246 2432 439 2494 ‚liberalium
474 2430 583 2494 artium
617 2446 771 2516 expertem
808 2434 916 2508 adeo,
931 2443 967 2494 ιιι
986 2454 1025 2493 ne
1056 2432 1205 2493 elementa

271 2540 393 2623 quidem
412 2541 508 2622 prima
527 2540 706 2638 literarum,
726 2541 782 2605 nisi
812 2541 1000 2627 grandaevus
1023 2551 1057 2602 ct
1073 2539 1133 2602 iant
1150 2537 1215 2600 tm

271 2663 416 2734 peretot,
422 2650 598 2741 acceperit,

315 2814 408 2898 Cap.
431 2820 485 2878 xt.
508 2818 568 2881 Sed
587 2841 609 2884 a,
623 2815 837 2895 Constantio,
852 2818 906 2901 qui
927 2817 971 2879 ad‘
983 2816 1131 2878 ultionem
1149 2809 1209 2875 fra·

276 2914 381 2986 ternae
406 2927 487 2986 necis
521 2926 633 2988 bellum
666 2929 752 2989 civile
787 2936 1015 2999 commoverat,
1034 2923 1212 3003 abrogatum

278 3042 324 3094 est
344 3034 527 3096 vetranioni
544 3036 730 3119 imperium
752 3034 806 3121 qui
827 3056 908 3099 novo
928 3033 1131 3111 inusitatoque
1151 3048 1218 3089 mo-

169 3116 261 3221 ἠ
279 3162 333 3216 re,
355 3163 503 3204 consensu
535 3144 690 3218 militurn,
710 3145 864 3226 deponere
900 3143 1016 3224 insigne
1042 3138 1215 3220 compulsus

215 3255 246 3299 N·
280 3263 335 3313 est.
357 3253 472 3314 Romae
493 3273 614 3334 quoque
637 3253 786 3313 tumultus
816 3251 894 3324 suit,
917 3247 1136 3333 Nepotiane,
1134 3243 1218 3308 Con-

197 3316 265 3390 35⁰
280 3359 406 3430 clentini
439 3359 551 3425 sororis
571 3360 657 3437 utto,
676 3381 731 3444 per
753 3357 960 3445 gladiatoriam
979 3377 1104 3420 manum
1120 3352 1222 3442 impe·
