2617 4017
485 219 645 281 LIBER
676 219 729 281 Vl.
916 262 921 269 ι
1025 220 1070 284 59

177 381 269 466 Cap.
294 385 376 444 xlv.
410 384 570 466 Pompeius
591 406 662 458 mox
693 383 781 445 etiam
802 380 927 444 Albanis
961 379 1071 440 bellum

137 491 262 553 intulit:
284 505 315 553 et
336 512 442 554 corum
462 512 563 575 regem
587 491 712 554 Oroden
732 503 780 552 ter
800 489 895 551 vicit:
918 501 1070 571 postremo

136 620 194 681 per
212 600 352 681 epistolas
372 612 403 661 et
419 623 545 663 monera
562 615 708 686 rogatus,
725 600 843 664 veniam
864 601 893 660 ei
914 621 947 660 ac
967 620 1072 682 pacem

140 707 230 770 dedit.
253 709 365 770 lbcriae
397 686 518 792 duoque
539 730 641 794 regem
677 710 814 775 Artocen
844 708 919 769 vicit
938 709 1000 768 acie
1011 753 1021 782 ,
1041 719 1072 769 et

138 816 171 876 in
192 815 377 878 deditionem
396 819 521 900 accepit.
542 819 718 881 Armeniam
736 818 885 879 minorem
904 817 1073 892 Deiotaro,

140 923 275 987 onaan
303 926 386 1008 rege,
408 926 554 1001 conavit,
575 926 645 1008 quia
668 926 767 995 sorus
787 925 858 986 sena
878 904 1074 986 nituerunt

138 1033 246 1094 fuerat.
267 1033 369 1096 Attalo
394 1047 424 1094 et
454 1032 628 1118 Pylaemeni
656 1032 888 1114 Paphlagoniam
915 1031 1072 1106 reddidit3

138 1141 345 1204 Aristarchum
360 1139 600 1225 Colchis'regem
620 1140 774 1223 imposuit.
796 1141 868 1201 Mox
887 1141 1022 1201 Ituraeos
1042 1150 1073 1201 et

140 1245 252 1327 Arabas
269 1248 364 1321 vicit;
387 1259 418 1308 et
438 1269 506 1308 cum
526 1247 658 1311 venisset
678 1249 711 1308 in
730 1251 868 1333 Syriam,
886 1249 1073 1324 Seleuciam,

141 1354 269 1416 uicinam
291 1356 468 1417 Antiochiae
489 1357 657 1432 civitatem,
680 1357 817 1420 libertate
834 1358 971 1433 donavit,
992 1358 1074 1440 quod

77 1480 80 1491 ¹
140 1483 242 1547 regem
260 1465 420 1547 Tigranem
443 1488 505 1529 non
523 1468 695 1550 recepisset.
716 1467 971 1529 Antiochensibus
997 1442 1076 1527 obsi·

143 1572 193 1634 des
210 1574 358 1639 reddidits
378 1577 560 1657 aliquantum
580 1597 721 1659 agrorum
739 1576 969 1657 Daphnensibus
983 1574 1075 1648 dedit,

123 1703 204 1764 *quo
228 1684 313 1745 lucus
333 1684 376 1743 ihi
396 1682 555 1763 spatiosior
573 1684 679 1756 fieret,
700 1684 863 1743 delectatus
894 1682 1075 1743 amoenitate

140 1791 226 1866 loci,
248 1803 279 1853 et
298 1813 442 1873 aquarum
463 1791 654 1851 abundantia.
675 1790 748 1851 Inde
770 1791 806 1851 ad
820 1791 959 1851 Iudaeam
979 1802 1075 1850 trans·
1089 1814 1158 1860 m,

145 1922 264 1983 gressus
277 1944 287 1974 ,
319 1900 550 1984 Hierosolyma,
581 1913 672 1983 caput
702 1901 821 1984 gentis,
852 1899 943 1960 tertio
975 1919 1077 1959 mense
1092 1880 1160 1944 689

145 2011 248 2094 cepit,
269 2009 428 2072 duodecim
460 2009 589 2070 millibus
621 2011 800 2071 ludaeorum
821 2009 949 2082 occisis,
970 2010 1076 2070 ceteris

144 2122 179 2182 in
198 2121 288 2181 fidem
319 2121 458 2200 acceptis.
480 2119 534 2180 His
563 2119 676 2201 gestis,
693 2119 726 2179 in
744 2116 845 2180 Asiam
864 2139 897 2179 se
914 2118 1027 2200 recepit
1049 2129 1079 2178 et

143 2230 235 2290 finem
257 2229 462 2309 antiquissimo
482 2225 561 2288 bello
581 2228 676 2290 dedit.
927 2293 930 2296 ,

148 2338 151 2342 ’
186 2336 278 2420 Cap.
298 2339 367 2398 XV.
388 2335 500 2420 (llll.)
519 2337 561 2397 Μ.
583 2336 686 2396 Tullio
708 2331 856 2396 Cicerone
877 2343 1021 2401 oratore,
1048 2339 1080 2389 et

145 2447 180 2510 C.
202 2448 338 2511 Antonio
358 2463 440 2508 coss
463 2466 542 2506 anno
563 2444 600 2505 ab
621 2444 697 2522 urhe
718 2441 838 2504 condita
854 2453 1025 2500 ochxxnt.
1043 2436 1079 2497 L.

65 2584 74 2591 ·
128 2558 268 2640 ,Sergius
287 2554 438 2630 Catilina,
460 2551 638 2614 nobilissimi
665 2551 783 2635 generis
803 2550 873 2623 vir,
894 2547 946 2607 sed
966 2544 1080 2628 ingenii
1094 2522 1163 2640 aio.

147 2657 332 2749 pravissimi,
353 2665 391 2725 ad
412 2663 567 2740 delendam
588 2661 716 2744 patriam
738 2656 907 2731 coniuravit
930 2677 998 2717 cum
1018 2653 1082 2738 qui·
1095 2633 1162 2700 689

147 2775 273 2840 busdam
283 2820 292 2849 ,
316 2772 569 2854 clarisquidcm,
590 2769 644 2832 scd
663 2766 824 2830 audacibus
846 2766 928 2828 diris.
949 2767 978 2829 A
998 2763 1083 2828 Cice·

147 2907 225 2948 rone
258 2882 335 2946 urbe
359 2882 498 2962 expulsus
529 2892 597 2942 estc
617 2878 701 2951 socii,
723 2878 786 2968 cius
821 2874 1019 2957 deprehensi,
1050 2872 1083 2933 in

148 3015 268 3056 carcere
289 2989 465 3073 strangulati
483 3000 563 3050 sunt.
585 2987 634 3049 Ab
652 2986 814 3060 Antonio,
833 2984 926 3045 altero
949 2982 1081 3054 consule,
1096 3009 1165 3054 Μ,

148 3103 277 3165 Catilina
296 3103 358 3185 ipse
369 3099 496 3191 'proelio
515 3097 611 3158 victus
630 3108 677 3157 est
698 3107 728 3157 et
748 3092 936 3156 interiectus.
1098 3072 1167 3135 69⁰

190 3211 284 3292 Cap.
306 3212 388 3271 XVI.
409 3207 517 3291 (Xlll.)
538 3202 760 3276 Sexcentesimo
788 3201 981 3285 nonagesimo
1004 3212 1084 3255 anno
1097 3228 1166 3276 Ao.

152 3321 191 3382 ab
209 3321 285 3382 urbe
307 3319 427 3381 condita
444 3319 482 3379 D.
497 3315 584 3379 lunio
603 3317 727 3387 Silano,
746 3324 777 3375 et
795 3312 830 3374 1.
854 3311 982 3370 Murena
1002 3315 1083 3363 coss·
1100 3292 1168 3358 690
1200 3399 1202 3401 ι
