2617 4017
478 277 638 366 mann
668 278 741 339 m-
1017 279 1063 344 aa

132 442 191 503 lem
212 437 291 510 bene
309 443 471 526 pugnavit„
496 442 647 504 Hannibal
677 442 785 504 multas
808 441 939 505 civitates
957 445 1066 506 Roma·
1140 515 1144 522 ,

131 571 241 612 norum
260 572 316 633 per
334 549 496 635 Apuliam,
515 551 683 616 Calabriam
697 564 727 614 et
741 552 877 614 Bruttios
894 554 1065 640 occupavit}

133 681 194 741 quo
216 672 354 743 tempore
371 659 458 722 etiam
481 683 534 722 rex
553 661 747 724 Macedoniae
765 661 919 744 Philippus
939 663 976 722 ad
995 684 1064 724 eum

133 747 247 850 legatos
267 743 561 850 misitsprornittens
583 768 692 829 auxilia
712 782 818 830 contra
838 770 991 831 Romanos
1011 768 1068 830 sub

134 874 191 937 hac
212 876 407 950 conditione,
436 888 494 951 ut,
525 876 630 939 deletis
659 877 827 952 Romanis,
861 873 1068 960 ipse‘quoque

134 991 242 1049 contra
265 987 398 1061 Graecos
421 988 457 1048 ab
471 986 639 1076 Hannibale
658 986 766 1048 auxilia
787 986 946 1068 acciperet.
967 984 1068 1068 Captis

135 1096 229 1179 igitur
248 1097 351 1181 legatis
373 1095 503 1180 Philippi
525 1109 555 1157 et
572 1116 607 1158 re
630 1096 770 1178 cognita,
796 1097 926 1157 Romani
950 1094 982 1157 in
1003 1097 1092 1178 May

134 1185 357 1267 cedoniavai
390 1191 544 1268 Valerium
575 1206 740 1268 Laevinum
763 1205 808 1267 ire
838 1203 1014 1292 iusserunt3
1035 1202 1068 1264 io
1122 1229 1125 1234 ·

134 1312 301 1397 Sardiniam
323 1316 360 1377 T.
379 1316 524 1376 Manlium
541 1317 731 1397 Torquatum
746 1313 969 1396 proconsulem.
990 1314 1068 1374 Nam

135 1420 224 1483 etiam
243 1443 277 1483 ea
295 1404 452 1486 sollicitata
472 1422 510 1485 ab
527 1424 699 1493 Hannibale
716 1425 870 1486 Romanos
885 1422 1066 1482 deseruerat.

175 1567 266 1668 Cap.
289 1584 368 1646 Xlll.
397 1588 440 1659 lta
460 1607 524 1649 uno
554 1599 691 1669 tempore
712 1600 842 1669 quatuor
862 1587 935 1648 locis
956 1607 1068 1668 pugna·

135 1691 244 1753 batur:
281 1693 314 1752 in
351 1693 433 1753 ltalia
467 1704 573 1753 contra
602 1694 823 1769 Hannibalem
855 1693 887 1753 in
916 1694 1068 1775 Hispaniis
1128 1704 1131 1707 ’

135 1786 244 1867 contra
262 1787 386 1859 fratrem
408 1798 471 1859 eius
491 1797 707 1860 Hasdrubalem
723 1823 733 1874 3
752 1800 783 1861 in
802 1798 978 1863 Macedonia
998 1820 1069 1862 con·
1193 1775 1196 1788 ¹

133 1924 182 1992 tra
203 1908 396 1990 Philippum
419 1908 452 1968 iu
472 1903 609 1969 Sardinia
630 1918 737 1969 contra
755 1908 865 1971 Sardos
886 1921 918 1971 et
940 1909 1068 1972 alterum

134 2017 352 2084 Hasdrubalem
383 2016 667 2102 Carthaginiensem.
703 2017 731 2078 ls
751 2039 768 2078 a
787 2017 825 2078 Τ.
848 2017 961 2081 Manlio
998 2037 1068 2101 pro·

135 2119 259 2189 consule
271 2170 282 2200 ,
314 2127 367 2209 qui
393 2126 430 2188 ad
451 2126 618 2189 Sardiniam
648 2127 754 2192 missus
777 2126 876 2188 luerat
887 2173 897 2202 ‚
916 2109 1002 2191 vivus
1024 2137 1069 2212 est
1095 2128 1097 2131 ⁴

134 2244 262 2319 captus,
283 2235 381 2297 occisa
413 2258 481 2298 cum
512 2256 549 2299 eo
579 2251 629 2297 ΧΗ
649 2235 765 2312 millia,
785 2238 864 2317 capti
881 2238 961 2298 mille
981 2236 1068 2317 quin-

77 2330 78 2334 *
134 2347 237 2429 genti,
256 2356 287 2408 et
307 2330 484 2407 aRom‘anis
504 2343 640 2406 Sardinia
660 2343 791 2406 subacta.
812 2345 941 2405 Manlius
969 2344 1068 2407 victor

132 2456 267 2539 captivos
288 2467 319 2516 et
338 2451 555 2518 Hasdrubalem
577 2454 710 2515 Romam
739 2447 915 2534 reportavit.
949 2450 1067 2515 Interea

136 2540 226 2626 etiam
246 2564 400 2647 Philippus
431 2543 597 2624 abaevino
618 2562 651 2621 in
669 2561 845 2645 Macedonia
863 2562 1020 2636 vincitur,
1038 2575 1068 2625 et

135 2675 169 2735 in
188 2672 330 2756 Hispania
347 2694 363 2733 a
382 2670 572 2754 Scipionibus
594 2667 764 2730 Hasdrubal
782 2681 812 2731 et
830 2670 918 2753 Mago
929 2715 939 2744 ,
959 2668 1065 2733 tertius
1150 2747 1151 2750 Ἴ
1261 2673 1265 2676 ’

134 2784 229 2846 frater
250 2780 435 2845 Hannibalis.
840 2763 845 2770 ’
1113 2777 1132 2790 ”

175 2942 267 3031 Cap.
289 2945 371 3005 XIV.
395 2942 501 3026 (VIII.)
519 2942 643 3004 Decimo
664 2961 745 3002 anno
765 2916 853 3025 post,
874 2968 962 3027 quam
984 2948 1066 3011 Han.
1079 2975 1148 3019 m,

136 3053 215 3115 nibal
248 3055 282 3115 in
301 3053 414 3114 ltaliam
444 3063 589 3126 venerat,
621 3052 654 3112 P.
675 3051 831 3134 Sulpicio,
867 3054 923 3117 Cn.
958 3058 1064 3119 Fulvio
1080 3037 1181 3114 54¹5

136 3159 216 3224 cobs-
239 3158 391 3223 Hannibal
418 3181 513 3242 usque
536 3159 574 3220 ad
604 3173 745 3243 quartum
775 3162 946 3225 millIarium
973 3147 1063 3225 *urbis

136 3270 277 3350 accessit,
298 3270 411 3352 equites
431 3269 494 3331 eius
513 3289 609 3350 usque
628 3267 665 3329 ad
679 3280 808 3351 portam.
822 3270 894 3329 Mox
908 3269 1064 3328 consulum

136 3373 243 3452 metu,
262 3400 331 3441 cum
354 3377 485 3441 exercitu
520 3377 716 3462 venientum,
748 3374 900 3439 Hannibal
926 3375 962 3437 ad
981 3371 1090 3456 Cam-3
