2617 4017
440 250 681 338 «creent.
753 315 765 330 „
924 335 927 341 .
988 250 1035 313 49

101 416 232 510 amictam
264 414 374 498 populi
403 414 537 478 Romani
550 394 568 490 ,¹
582 412 724 500 Bithynia
747 412 844 474 voluit
870 413 1016 495 expellere
1028 456 1038 485 ,

47 515 51 521 ⁵
102 525 280 607 senatuique
301 522 472 595 mandavit,
491 517 603 584 hellum
632 543 665 583 se
687 524 716 584 ei
736 534 863 605 propter
889 522 1037 594 iniurias,

101 654 174 716 quas
196 653 299 714 passus
321 632 444 716 fuerat,
465 631 628 693 illaturum.
659 630 688 693 A
722 632 828 692 senaln
858 648 1036 709 responsum

10 815 11 818 Ἴ
104 735 161 800 ests
171 738 359 813 Mithridati,
378 738 404 799 si
424 740 455 800 id
475 740 606 814 faceret,
626 739 708 822 qnod
728 740 838 808 bellum
858 759 874 798 a
893 735 1037 799 Romanis

103 858 135 907 et
158 846 223 929 ipse
242 859 413 930 pateretur,
433 848 536 923 Quare
557 849 648 907 iratus
684 846 904 929 Cappadociam
937 845 1036 906 statim
1069 879 1074 884 ,

104 956 283 1036 occupavit,
302 968 333 1016 et
353 977 390 1016 ex
408 974 442 1015 ea
460 953 717 1028 Ariobarzanem,
736 975 838 1037 regem
860 967 890 1015 et
909 954 1037 1014 amicum

102 1063 208 1144 populi
229 1064 383 1146 Romani,
404 1063 526 1146 fugavit.
562 1064 633 1123 Mor
654 1064 742 1125 ctiam
761 1063 933 1148 Bithyniam
955 1062 1038 1121 inva-

101 1170 143 1231 sit
166 1182 195 1231 et
216 1172 467 1255 Paphlagoniam,
489 1171 581 1255 pulsis
600 1194 636 1233 ex
655 1193 689 1231 ea
706 1171 844 1253 regibus,
863 1170 963 1230 amicis
985 1189 1039 1251 po-

10 1333 12 1340 ,
101 1280 168 1359 puli
185 1280 335 1354 Romani,
353 1281 529 1364 Pylaemene
551 1291 582 1341 et
599 1280 773 1341 Nicomede.
795 1279 867 1340 lnde
885 1281 1038 1360 Ephesum

103 1388 283 1464 contendit,
303 1401 334 1449 et
357 1410 412 1470 per
433 1409 553 1449 omnem
587 1387 690 1450 Asiam
722 1388 821 1448 literas
858 1388 958 1461 misit,
982 1399 1038 1461 ut,

91 1495 279 1579 ubicunque
299 1496 416 1558 inventi
435 1493 534 1559 essent
549 1496 630 1559 'cives
649 1497 800 1570 Romani,
817 1517 880 1559 uno
895 1496 943 1558 die
961 1496 1040 1557 occi·

104 1603 261 1667 dereutur.

113 1873 116 1879 Ι
146 1796 238 1879 Cap.
260 1798 312 1856 Vl.
336 1796 455 1856 Interea
474 1793 572 1872 etiam,
586 1794 722 1856 Athenae
732 1837 742 1868 ,
763 1793 865 1855 civitas
883 1793 1037 1870 Achaiae,
1062 1779 1065 1784 ¹

103 1905 143 1968 ab
164 1904 318 1967 Aristione
339 1902 516 1968 Atheniensi
533 1902 700 1964 Mithridati
718 1903 826 1964 tradita
844 1914 898 1964 est.
917 1904 1041 1965 Miserat

105 2014 188 2080 enim
211 2012 271 2074 iarn
292 2012 328 2073 ad
344 2009 488 2075 Achaiam
506 2011 692 2072 Mithridates
713 2012 911 2088 Archelaum,
926 2013 1039 2073 ducem

104 2144 218 2196 suum,
238 2143 307 2182 enm
334 2131 456 2181 centum
479 2130 509 2180 et
540 2120 647 2202 viginti
680 2094 816 2180 millibus,
842 2122 987 2209 equiturn
1005 2143 1039 2182 ac

104 2227 240 2310 peditum
253 2274 262 2301 ,
282 2250 337 2308 per
356 2248 446 2310 quem
471 2228 559 2287 etiam
588 2229 704 2310 reliqua
734 2228 863 2288 Graecia
896 2242 1040 2311 occupata

106 2346 162 2396 cst.
182 2332 271 2420 (IV.)
286 2336 367 2396 Sulla
379 2335 559 2395 Archelaum
576 2334 654 2417 apud
670 2336 848 2411 Piraeeum,
869 2358 932 2398 non
951 2339 1040 2421 longe

106 2442 146 2504 ab
163 2444 310 2518 Athenis,
331 2442 468 2517 obsedit,
487 2442 640 2525 ipsamque
671 2443 790 2505 urbem·
814 2440 917 2526 cepit,
938 2459 1042 2527 postea

59 2541 61 2543 V
108 2552 268 2615 commisso
287 2553 404 2640 proelio
425 2564 530 2613 contra
565 2551 772 2625 Archelaum,
792 2551 833 2611 ita
860 2575 928 2613 enm
948 2554 1042 2631 vicit,
1121 2623 1127 2634 .

32 2729 35 2734 ,
106 2674 145 2725 ut
167 2683 203 2723 ex
224 2676 288 2723 cxx
310 2662 438 2750 millibus
460 2659 509 2722 nix
542 2659 645 2721 decern
665 2660 814 2737 Archelao
833 2639 1041 2743 superessent,

109 2792 147 2831 ex
167 2771 267 2832 Sullae
285 2771 418 2831 exercitu
438 2786 493 2829 xw
506 2781 623 2830 tantum
639 2768 775 2830 homines
788 2770 1040 2833 interficerentur.

108 2880 174 2940 Hac
194 2900 294 2961 pugna
315 2876 501 2938 Mithridates
524 2877 665 2959 cognita,
683 2894 746 2940 Lxx
775 2879 865 2939 millia
885 2869 1043 2943 lectissima

109 3006 146 3045 ex
174 2985 245 3046 Asia
268 2983 424 3068 ¹'Archelao
461 2983 562 3058 misit,
584 2997 690 3047 contra
711 3008 798 3078 quem
820 2989 900 3049 Sulla
932 2991 1041 3052 iterum

46 3164 49 3167 ⁴
109 3092 268 3153 commisit.
291 3092 394 3159 Primo
416 3092 531 3173 proelio
554 3105 598 3154 xv
617 3094 709 3154 millia
733 3093 863 3156 hostium
885 3098 1044 3175 interiecta

109 3212 203 3275 sunt,
232 3201 369 3284 filiusque
392 3201 543 3290 Archelai
573 3203 745 3285 Diogenes,
776 3206 919 3285 secundo¹
939 3225 1042 3267 ornnes

110 3309 293 3382 Mithridatis
315 3310 418 3392 copiae
439 3310 601 3373 exstinctae
622 3323 710 3387 sunt,
723 3312 887 3375 Archelaus
906 3314 968 3393 ipse
990 3312 1044 3374 tri·

889 3429 910 3488 5
