2617 4017
237 259 282 326 56
463 225 465 230 ’
564 262 828 327 eureoen
880 261 882 264 ·

151 430 221 489 ho.
273 422 365 507 Cap.
387 427 466 488 VIII.
488 426 594 511 (Vll.)
616 431 839 494 sexcentesimo
862 431 1046 514 octogesimo
1068 432 1174 514 primo

152 507 216 573 68¹
236 530 316 592 urbis
349 534 489 595 conditae
521 553 627 611 anno,
645 539 680 597 P.
706 535 850 598 Cornelio
883 540 1037 615 Lentulo,
1058 553 1088 603 et
1111 539 1174 603 Cn.

233 639 354 712 Aufidio
377 643 483 704 Oreste
506 658 587 705 coss
611 644 672 705 duo
707 656 825 705 tantum
846 646 947 727 gravia
969 647 1045 708 bella
1066 649 1097 708 in
1116 649 1175 710 im·

235 748 320 829 perio
338 751 476 812 Romano
498 764 606 823 erant,
625 752 863 813 Mithridaticum
876 765 909 814 et
928 757 1170 817 Macedonicum.

234 860 317 919 llaec
353 858 415 917 duo
450 858 568 919 Luculli
601 858 747 941 agebant,
768 860 803 921 L.
824 863 967 923 Lucullus
993 866 1087 925 othl.
1110 868 1172 927 Lu·

235 967 340 1032 tullus.
377 969 411 1027 L.
435 988 507 1049 ergo
539 969 681 1028 Lucullus
710 980 780 1050 post
814 992 944 1052 pugnam
968 971 1171 1057 cyzicenam,

235 1098 295 1158 qua
331 1076 445 1137 vicerat
481 1069 698 1151 Mithridaten,
731 1089 762 1140 et
800 1079 952 1153 navalem,
984 1100 1043 1159 qua
1071 1079 1170 1166 duces
1220 1097 1224 1102 “

235 1185 299 1246 eius
328 1198 536 1265 oppresserat,
563 1197 738 1267 persecutus
773 1198 818 1247 est
849 1208 943 1261 eum,
965 1198 1017 1258 et,
1051 1197 1173 1265 recepta
1239 1239 1244 1242 .

127 1337 130 1344 -
234 1292 434 1374 Paphlagonia
455 1266 563 1375 'atque
608 1295 772 1379 Bithynia,
802 1296 890 1373 etiam
937 1312 1063 1377 regnum
1106 1295 1171 1357 eius

234 1401 364 1469 invasit:
386 1402 521 1481 Sinopen
553 1413 583 1461 et
617 1401 766 1473 Amison,
788 1402 920 1463 civitates
957 1406 1048 1465 Ponti
1084 1405 1173 1465 nohi-

128 1513 130 1516 ’
234 1509 375 1590 lissimas,
396 1511 486 1592 cepit.v
515 1510 654 1571 Secundo
687 1510 802 1591 proelio
830 1513 910 1592 apud
939 1510 1046 1573 Cabira
1068 1514 1172 1574 civita-

234 1629 318 1694 tem,
340 1641 401 1702 quo
422 1609 572 1703 ingentes
589 1621 690 1700 copias
712 1641 747 1680 ex
778 1622 860 1680 omui
888 1643 983 1703 regno
1007 1622 1170 1682 adduxerat

234 1730 442 1803 Mithridates,
467 1751 535 1789 cum
556 1746 623 1790 xxx
643 1728 733 1789 millia
756 1727 913 1789 lectissima
944 1729 1021 1811 regis
1042 1751 1058 1788 a
1082 1729 1171 1810 quin-

235 1861 294 1920 que
313 1838 442 1900 millibus
464 1840 672 1900 Romanorum
708 1848 820 1898 vastata
842 1847 941 1899 e'ssent
952 1881 963 1910 ,
981 1837 1169 1910 Mithridates

235 1945 355 2027 fugatus
385 1957 451 2021 est,
473 1957 503 2006 et
522 1958 617 2007 eastra
649 1946 713 2006 eius
735 1945 860 2028 direpta.
880 1944 1022 2006 Armenia
1047 1967 1170 2027 quoque

235 2055 357 2126 minor,
380 2076 468 2136 quam
487 2066 627 2114 tenuerat
639 2099 649 2128 ‚
660 2027 766 2114 'eidem
797 2053 912 2114 sublata
930 2062 990 2111 est:
1003 2053 1171 2133 Susceptus

235 2173 335 2223 tamen
359 2161 608 2244 est'Mithridates
641 2174 711 2243 post
730 2162 829 2244 sugam
853 2182 868 2219 a
888 2160 1042 2246 Tigrane,
1062 2159 1171 2222 Arme·

234 2273 301 2335 niae
321 2293 412 2354 rege,
434 2271 486 2353 qui
507 2251 581 2331 tunc
602 2270 718 2353 ingenti
740 2268 834 2351 gloria
862 2268 1046 2349 imperabat,
1063 2270 1168 2330 Persas
1214 2345 1219 2351 .

232 2402 319 2462 saepe
340 2356 470 2455 uicerat,
492 2375 738 2461 Mesopotamiam
760 2373 972 2459 occupaverat,
992 2390 1022 2438 et
1041 2378 1168 2462 Syriam,

233 2503 262 2551 et
282 2489 446 2551 Phoenices
467 2500 593 2570 partem.

206 2661 209 2665 Δ
273 2600 366 2684 Cap.
394 2602 448 2662 IX.
470 2602 551 2683 Ergo
566 2598 737 2669 Lucullus,
759 2607 899 2677 repetens
932 2595 1048 2655 hostem
1082 2593 1167 2677 suga·
1217 2639 1221 2647 .

230 2724 314 2783 tum,
337 2711 425 2771 etiam
444 2706 571 2792 regnum
598 2706 743 2788 sTigranis
756 2749 775 2777 ,‚
790 2705 841 2785 qui
862 2702 1011 2794 Armeniis
1038 2691 1168 2783 impera·

232 2817 305 2890 bat,
323 2819 472 2899 ingressus
487 2825 548 2877 est:
569 2816 804 2897 Tigranocerta,
828 2812 978 2871 civitatem
990 2810 1166 2871 Arzanenae

147 2885 217 3016 ‘33¹3
233 2925 445 3001 nobilissimam
479 2927 566 3008 regui
600 2920 806 2995 Armeniaci,
821 2919 900 3000 cepit
915 2940 924 2978 r
946 2918 1042 2998 ipsum
1064 2935 1168 2998 regem·

232 3057 301 3099 cum
317 3036 467 3096 'sexcentis
486 3034 619 3094 millibus
637 3029 888 3100 clibanariorum‘,
906 3039 940 3087 ‘et
961 3039 1082 3087 centum
1102 3026 1168 3086 mil·

216 3144 309 3211 'lihus
340 3135 562 3228 sigittariorum
596 3151 627 3202 et
660 3150 843 3201 armatorum
877 3135 1070 3207 venientem,
1098 3151 1170 3197 xvtr

230 3258 322 3319 millia
352 3253 479 3315 militum
500 3250 637 3332 habens,
667 3248 708 3307 ita
728 3245 817 3315 vicit,
837 3254 873 3303 ut
890 3262 1027 3323 magnam
1050 3251 1166 3322 partem

146 3392 214 3437 nu.
230 3367 444 3429 Armeniorum
466 3358 619 3423 deleverit.
645 3357 718 3418 Inde
746 3351 866 3414 Nisibin
897 3350 1051 3433 profectus
1069 3392 1079 3421 ,
1099 3369 1164 3409 eam

148 3455 216 3518 634
233 3496 351 3555 quoqne
372 3475 520 3534 civitatem
541 3489 609 3530 cum
628 3452 716 3550 regis
729 3466 821 3525 fratre
840 3462 930 3544 cepit.
951 3460 1010 3522 sed
1028 3457 1069 3531 hi,
1088 3475 1164 3538 quos
