2617 4017
223 248 272 315 32
554 251 820 319 nocnoem
880 215 885 236 ‘

222 415 265 477 M.
281 412 365 476 Livio
382 415 548 484 Salinatore
561 419 639 500 apud
654 420 824 483 Metaurum
840 420 966 484 fluvium
984 434 1015 484 et
1031 424 1156 499 Senam,

223 523 328 584 Piceni
349 523 517 601 civitatem,
535 525 568 588 in
592 526 712 590 insidias
735 530 913 611 compositas
936 529 1061 607 incidit,
1080 545 1157 597 stre·

224 650 284 691 nue
304 641 404 693 tamen
422 652 557 717 pugnans
567 680 577 708 ,
597 634 713 697 occisus
733 648 800 711 est3
819 638 955 721 ingentes
973 639 1037 700 eius
1052 640 1156 724 copiae
1177 617 1185 628 ,

224 753 345 825 captae,
367 753 419 803 aut
437 741 613 804 interiectae
645 755 738 820 sunt3
768 767 909 828 magnum
940 748 1058 830 pondus
1088 750 1156 813 auri

223 863 313 933 atque
335 850 452 935 argenti
463 852 590 913 Romam
611 851 748 922 relatum.
768 854 1078 918 PostbaecHannibal
1095 837 1157 920 'dir-

224 958 316 1028 fidere
337 957 374 1021 de
395 957 466 1024 belli
485 959 586 1044 coepit
615 972 737 1025 eventu.
757 962 900 1027 Romanis
920 962 1026 1048 ingens
1040 965 1157 1028 animus

139 1083 208 1144 Am.
223 1065 356 1129 accessit.
391 1068 494 1148 ltaque
527 1079 558 1131 et
580 1068 638 1151 ipsi
670 1083 872 1133 evocaverunt
902 1092 937 1134 ex
957 1072 1101 1153 Hispania
1122 1073 1157 1135 P.

143 1146 211 1236 54il
225 1173 400 1239 Cornelium
426 1176 610 1257 Scipionem.
639 1176 815 1246 lsJRomam
838 1200 907 1271 cum
929 1178 1045 1263 ingenti
1065 1180 1160 1263 gloria
1182 1266 1185 1272 ν

225 1282 318 1347 venit.

140 1469 210 1517 mo.
266 1448 359 1531 Cap.
377 1447 463 1510 xlx.
493 1447 534 1525 Q.
551 1426 705 1523 Caecilio,
725 1448 760 1509 L.
791 1448 913 1510 Valerio
944 1464 1026 1512 coss,
1056 1472 1160 1518 omnes

145 1531 212 1599 546
227 1556 382 1628 civitates,
401 1575 479 1639 quae
495 1555 528 1619 in
544 1556 673 1619 Bruttiis
694 1555 731 1619 ab
754 1555 921 1661 Hannibale
954 1558 1161 1660 tenebantur,

226 1661 369 1727 Romanis
391 1684 424 1725 se
441 1663 640 1727 tradiderunt.

265 1830 360 1914 Cap.
378 1831 446 1894 XX.
470 1832 572 1916 (XI.)
589 1831 682 1893 Anno
702 1849 759 1894 xlv
778 1845 868 1916 post,
887 1855 976 1915 quam
994 1833 1028 1895 in
1043 1832 1160 1895 ltaliam

142 1958 211 2006 mv.
226 1937 378 2007 Hannibal
409 1950 558 2013 venerat,
589 1939 715 2022 Scipio,
749 1941 801 2024 qui
831 1940 925 2000 multa
954 1937 987 1999 in
1016 1938 1163 2020 Hispania

145 2021 214 2091 547
226 2047 303 2108 bene
321 2057 446 2129 egerat,
463 2046 568 2109 consul
589 2057 634 2108 est
652 2046 771 2126 lactus,
790 2056 821 2106 et
840 2046 872 2105 in
891 2043 1024 2106 Africam
1037 2043 1162 2122 missus3

226 2153 277 2216 eui
294 2152 360 2215 viro
380 2152 515 2217 divinum
538 2153 680 2237 quiddam
701 2152 799 2224 inesse
818 2150 1063 2225 existimabatur,
1085 2150 1161 2215 adeo

223 2274 260 2325 ut
281 2272 438 2345 putaretur
454 2260 544 2321 etiam
565 2283 633 2322 cum
654 2257 829 2321 numinibus
848 2258 958 2320 babere
979 2279 1160 2323 sermonem.
1261 2325 1264 2330 ,

226 2372 253 2433 Is
287 2369 321 2432 in
341 2368 445 2433 Africa
477 2379 583 2429 contra
614 2368 822 2440 Hannonem,
852 2365 959 2428 ducem
991 2366 1161 2444 Afrorum,

141 2503 211 2549 m.
226 2489 360 2562 pugnat,
395 2475 559 2539 exercitum
592 2473 656 2535 eius
684 2473 837 2536 interficit.
869 2475 1011 2537 Secundo
1042 2477 1158 2558 proelio

143 2564 211 2633 549
226 2585 321 2652 castra
340 2586 420 2671 capit
444 2605 512 2645 cum
536 2577 676 2665 quatuor
688 2580 818 2643 millibus
841 2593 871 2643 et
893 2583 1064 2666 quingentis
1084 2583 1160 2646 mili·

224 2697 325 2773 tibus,
342 2711 377 2758 xl
393 2693 523 2756 millibus
543 2690 658 2752 occisis.
676 2690 853 2776 Syphacem,
870 2690 1030 2752 Numidiae
1047 2713 1158 2774 regem,

226 2800 332 2884 quise
356 2800 438 2864 Alris
469 2799 690 2872 coniunxerat,
720 2798 820 2881 capit,
850 2809 882 2859 et
902 2810 998 2859 castra
1030 2800 1092 2860 eius
1112 2798 1159 2859 in·

180 2911 185 2920 ’
218 2909 316 2975 ‘vadit
336 2911 477 2996 Syphax,
499 2930 567 2971 cum
597 2906 787 2969 nobilissimis
817 2904 955 2966 Numidis
986 2918 1017 2966 et
1036 2903 1160 2967 infinitis

225 3019 348 3103 spoliis,
365 3021 493 3079 Romam
511 3016 548 3078 ab
566 3015 708 3098 Scipione
731 3015 870 3076 mittitur.
894 3014 963 3092 Qua
982 3035 1016 3074 re
1039 3014 1160 3089 audita,

217 3127 324 3190 'omnis
342 3127 406 3190 lere
425 3105 514 3188 ltalia
528 3109 727 3186 Hannibalem
747 3121 866 3183 deserit.
881 3122 947 3202 lpse
967 3142 984 3181 a
1004 3116 1157 3203 Carthagi·

224 3233 378 3298 niensibus
403 3233 506 3299 redire
538 3233 571 3294 in
597 3230 730 3295 Africam
763 3229 906 3304 iubetur,
936 3248 1025 3310 quam
1053 3227 1155 3310 Scipio

225 3343 365 3407 vastabat
