2617 4017
165 286 169 293 ’
236 282 304 346 ns
566 244 842 341 sornorn'

231 443 325 504 altero
350 432 465 525 proelio
486 443 581 504 rictus
604 465 706 527 pacem
730 464 799 504 cum
818 443 949 522 Sapore,
971 441 1173 503 necessariam

232 553 375 637 qnidem,
395 554 463 614 sed
481 553 646 636 ignobilem
682 550 776 612 iecit:
801 550 945 610 multatus
979 550 1114 627 finibus,
1136 574 1174 614 ac

233 659 521 742 nonnulla-imperii
561 659 691 721 Romani
726 670 810 739 parte
843 659 981 740 tradita5
999 661 1079 741 quod
1099 674 1174 724 ante

232 766 406 833 comannis
438 769 518 829 mille
551 780 673 828 eentum
696 779 726 827 et
748 766 865 826 duo-hus
890 767 926 826 de
946 766 1054 849 viginti
1086 765 1171 840 sere,

233 895 269 936 ex
304 896 364 958 quo
389 877 560 937 Romanum
592 875 755 959 imperium
787 874 944 934 conditum
979 886 1067 949 erat,
1094 896 1173 936 nun·

172 1039 175 1045 ,
233 1006 321 1065 quam
341 981 458 1045 accidit.
480 983 564 1061 Quin
585 984 675 1044 etiam
694 982 828 1065 legiones
852 995 973 1043 nostrae
992 983 1034 1042 ita
1050 994 1079 1042 et
1091 982 1173 1064 apud

163 1144 169 1170 ,Ι
232 1089 379 1154 Caudium
408 1113 463 1174 per
496 1092 637 1152 Pontium
670 1091 873 1165 Telesinam,
892 1101 923 1150 et
954 1090 987 1150 in
1025 1089 1172 1170 Hispania

232 1201 314 1283 apud
332 1199 549 1273 Numantiam,
575 1210 605 1259 et
627 1200 659 1260 in
679 1181 822 1261 Numidia
852 1199 908 1259 sub
942 1198 1045 1280 iugum
1066 1197 1178 1285 missae⁸

231 1320 326 1383 aunt,
349 1318 399 1368 ut*
417 1308 491 1367 nibil
528 1320 628 1368 tamen
670 1306 776 1367 finium
809 1307 992 1367 traderetur.
1028 1307 1070 1366 Ea
1090 1308 1171 1389 pacis

232 1416 366 1480 conditio
390 1436 460 1503 ¹non
485 1415 604 1496 penitus
628 1415 877 1496 reprehendenda
901 1415 981 1474 soret
995 1415 1051 1489 ‚si
1070 1415 1173 1477 foede·
1239 1489 1243 1495 ι

231 1523 528 1596 τίεῇηοεεεείῐαῑεηι,
550 1544 618 1582 cum
642 1522 792 1604 integrum
812 1521 894 1596 suit,
914 1534 1031 1582 mutare
1061 1524 1174 1585 voluis·

231 1646 299 1708 set,
316 1632 395 1694 sicut
414 1654 430 1692 a
448 1630 617 1704 Romanis,
637 1632 780 1692 omnibus
803 1607 847 1717 iiis
869 1631 976 1706 bellis,
996 1655 1071 1715 quae
1087 1654 1171 1694 com·

231 1740 416 1816 memoravi,
448 1742 636 1802 factumest.
667 1742 743 1801 Nam
766 1752 797 1801 et
828 1739 1035 1814 Samnitibus,
1057 1754 1087 1803 et
1103 1742 1171 1802 Nu·

139 1914 148 1923 ,
231 1850 396 1923 mantinis,
420 1861 450 1910 et
473 1849 612 1910 Numidis
631 1849 791 1911 confestim
816 1848 893 1909 bella
915 1850 996 1912 illata
1015 1861 1170 1924 suntme-

231 1981 290 2044 que
310 1981 367 2041 pax
386 1948 449 2019 rata
467 1959 536 2019 fuit.
555 1957 614 2019 Sed
633 1958 704 2018 dum
726 1957 876 2018 aemulum
896 1956 1014 2038 imperii
1033 1970 1170 2036 veretur,

230 2070 310 2131 intra
345 2068 493 2133 orientem
529 2056 696 2140 residens,'
714 2066 830 2148 gloriae
862 2070 968 2147 parum
1002 2069 1168 2129 consuluit.

144 2193 212 2243 lac.
230 2181 332 2262 ltaque
352 2178 411 2238 iter
431 2164 583 2258 ingressus
604 2187 694 2259 atque
714 2175 867 2261 Illyricum
901 2188 1029 2258 petens,
1054 2176 1088 2240 in
1106 2178 1171 2241 Ga·

164 2276 193 2320 Ν·
229 2287 316 2350 iatiae'
332 2284 444 2347 finibus
469 2283 628 2365 repentina
660 2296 760 2346 morte
779 2278 881 2346 oblite
903 2286 950 2348 vir
973 2287 1043 2347 alias
1067 2308 1167 2370 neque

147 2337 215 2407 364

229 2395 310 2458 iners
326 2438 336 2471 ‚
359 2414 457 2476 neque
474 2392 662 2477 imprudens.

266 2588 359 2672 Cap.
381 2587 493 2652 xv111.
513 2584 603 2653 Multi
634 2582 836 2645 exanimatum
871 2581 1044 2664 opinantur
1069 2581 1165 2644 nimia

227 2700 400 2774 cruditate3
419 2697 500 2760 inter
523 2694 728 2758 'coenandum
755 2693 837 2756 enim
857 2692 953 2774 epulis
967 2688 1166 2765 indulserat:

227 2810 277 2870 alii
298 2808 392 2871 odore
424 2804 579 2879 cubiculi,
601 2802 683 2887 quod
712 2822 748 2863 ex
771 2802 890 2863 recenti
909 2800 1041 2861 tectorio
1074 2799 1163 2862 calcis

227 2921 316 3002 εἷπε
331 2897 553 2999 quiessentiims
572 2907 654 2973 e'rat:
678 2908 799 2994 qnidam
815 2886 968 2971 nimietate
983 2930 1165 2992 prunarum,

227 3022 403 3112 qnasgravi
423 3022 536 3105 frigore
567 3019 682 3082 adoleri
717 3019 827 3082 multas
855 3018 991 3081 iusserat.
1023 3018 1162 3080 Decessit

139 3149 207 3213 M.
227 3122 347 3220 impe'rii
366 3148 469 3223 mense
489 3129 640 3213 septimo,
662 3141 770 3213 quarto
793 3128 910 3191 decimo
933 3125 1061 3190 Kalend.
1081 3128 1163 3189 Mar·

141 3232 209 3362 3134
225 3248 305 3322 tiasa
326 3242 453 3317 aetatis,
473 3254 509 3301 ot
526 3241 583 3324 ‘qui
605 3240 770 3322 plurimum
790 3259 824 3301 ac
843 3235 1161 3321 minimomtradnnt,

222 3355 313 3421 tertio
331 3365 362 3417 et
381 3350 534 3436 trigesimo
565 3368 644 3410 anno
656 3361 721 3421 ,ac
752 3345 937 3429 benignitate
951 3344 1158 3429 principum,
1246 3434 1252 3443 .
