2617 4017
239 293 260 356 6
462 328 466 341 =
566 288 836 354 aurnorn
889 377 894 392 s

234 478 303 530 ,sam
325 457 457 529 Brutus,
475 431 582 537 parens
602 469 632 518 et
651 458 714 537 ipse
734 454 916 536 Tarquinii,
936 454 1081 537 populum
1101 475 1175 518 con·

242 565 367 640 citavit,
403 577 433 626 et
452 565 620 647 Tarquinio
645 566 755 624 ademit
776 565 945 645 imperium.
968 566 1040 625 Mox
1062 566 1175 632 exerci-

242 683 291 731 tus
327 694 446 755 qnoque
479 695 571 750 eum,
602 647 825 755 qui'ciiitatem
854 673 984 737 Ardeam
1017 695 1085 734 cum
1108 673 1174 754 ipso

241 802 312 863 rege
333 782 547 863 oppugnabat,
565 780 709 862 reliquit,
728 781 911 863 veniensque
930 781 968 841 ad
985 783 1092 850 urbem
1110 804 1173 857 rer,

242 891 336 976 portis
358 891 462 952 clausis
473 934 482 963 ,
501 890 637 960 exclusus
658 902 712 956 est.
728 888 865 972 Cumque
883 890 1058 971 imperasset
1078 911 1172 949 annos

241 999 348 1082 viginti
372 998 529 1081 quinque,
560 995 746 1060 cum'uxore
768 1012 797 1059 et
816 999 916 1058 liberis
939 997 999 1058 suis
1018 998 1104 1080 sugit.
1128 1000 1172 1059 lta

241 1107 356 1169 Romae
375 1122 532 1190 regnatum
553 1121 596 1169 est
616 1130 671 1189 per
690 1105 803 1188 septem
823 1128 908 1189 reges
932 1107 1017 1166 annis
1037 1105 1174 1167 ducentis

243 1215 438 1296 quadraginta
456 1216 552 1275 tribus
563 1262 572 1290 ,
592 1239 660 1277 cum
680 1218 776 1277 adhuc
798 1219 906 1289 Roma,
925 1217 979 1277 ubi
1002 1215 1176 1297 plurimum,

242 1324 291 1386 vix
311 1323 460 1404 usquead
479 1322 618 1402 quintum
641 1325 789 1384 decimum
810 1325 979 1385 milliarium
999 1326 1175 1406 possideret.

239 1484 242 1488 .
281 1429 375 1514 Cap.
401 1434 454 1494 IX.
478 1434 587 1516 (Vlll.)
606 1434 686 1493 Hinc
712 1449 864 1493 consutas
892 1456 1018 1517 coepere
1039 1457 1094 1520 pro
1111 1456 1175 1495 uno

169 1563 172 1570 ⁴
239 1563 314 1624 rege
345 1542 405 1602 duo
426 1542 480 1601 hac
500 1563 586 1601 causa
612 1529 728 1614 creari,
749 1553 808 1614 ut,
829 1542 855 1601 si
874 1564 953 1602 unus
984 1543 1084 1619 malus¹
1112 1564 1175 1602 esse
1231 1522 1234 1527 Ι

241 1650 407 1722 voluisset,
438 1650 513 1709 alter
547 1670 637 1721 eum,
669 1648 781 1709 habens
813 1662 991 1731 potestatem
1025 1650 1173 1723 similem,

242 1763 406 1830 coiirccret.
436 1760 476 1820 Et
497 1757 634 1838 placuit,'
657 1779 695 1817 ue
718 1758 877 1839 imperium
911 1759 1052 1841 longius,
1083 1780 1170 1840 quam

240 1842 374 1928 annisum
409 1866 575 1937 haberent,
605 1888 643 1926 nc
674 1888 728 1947 per
759 1867 987 1927 diuturnitatem
1017 1866 1171 1947 potestatis

240 1973 453 2036 insolentiores
471 1974 689 2046 redderentur,
722 1974 775 2035 sed
796 1975 896 2035 civiles
914 1996 1033 2055 semper
1051 1988 1173 2048 essent,
1246 2019 1251 2023 -

244 2085 295 2168 qui
319 2106 350 2145 se
373 2095 441 2164 post
461 2105 573 2142 annum
594 2084 707 2143 scirent
727 2083 844 2142 futuros
863 2104 925 2172 csse
940 2083 1081 2165 privatos.
1096 2086 1174 2145 Fue·

157 2205 226 2250 ΑΙ]
243 2207 317 2255 runt
321 2196 431 2288 igitur
468 2214 548 2254 anno
578 2192 676 2274 primo
690 2234 701 2263 ,
721 2189 849 2271 expulsis
869 2161 1011 2272 regibus,
1034 2205 1117 2252 cosS.
1138 2192 1175 2253 Ι

159 2272 242 2335 245
244 2306 346 2365 lunius
368 2307 489 2377 Brutus,
507 2305 558 2386 qni
577 2305 703 2365 maxime
727 2315 837 2385 egerat,
857 2314 892 2362 ut
910 2298 1093 2381 Tarquinius
1114 2298 1160 2379 pe!
1155 2329 1178 2354 2

244 2416 381 2487 leretur,
402 2427 432 2476 et
449 2414 632 2496 Tarquinius
653 2411 845 2485 Collatinus,
862 2407 987 2473 maritus
1007 2408 1175 2471 Lucretiae.

242 2525 300 2588 Sed
319 2524 486 2606 Tarquinio
509 2522 661 2587 Collatino
689 2523 789 2581 statim
822 2518 936 2578 sublata
968 2516 1094 2597 dignitas
1115 2525 1171 2575 est.

214 2622 221 2628 i
241 2637 397 2698 Placuerat
419 2633 497 2700 enim
509 2679 521 2707 ,
550 2654 586 2693 ne
607 2632 762 2713 quisquam
794 2629 826 2692 in
846 2626 922 2689 urbe
944 2635 1101 2696 maneret,
1120 2621 1174 2703 qui

242 2744 424 2825 Tarquinius
444 2754 614 2805 vocaretur.
635 2743 715 2821 Ergo
736 2749 858 2817 accepto
879 2734 962 2796 omni
992 2729 1175 2813 patrimonio

224 2849 320 2928 suo,
338 2874 373 2912 ex
391 2851 466 2911 urbe
486 2849 649 2932 migravit,
669 2860 699 2907 et
720 2848 786 2905 loco
808 2844 901 2925 ipsius
933 2842 1028 2905 sactus
1050 2851 1093 2900 est
1114 2839 1174 2896 Va-

241 2962 332 3024 lerius
351 2956 504 3022 Publicola
524 2957 639 3021 consul.
661 2954 744 3037 (IX.)
774 2949 944 3015 Commovit
977 2960 1077 3008 tamen
1114 2943 1176 3003 bel·

240 3072 303 3132 lum
323 3068 393 3129 urbi
408 3068 522 3128 Romae
540 3069 593 3124 rex
607 3062 812 3144 'larquinius,
834 3060 885 3141 qui
903 3059 1002 3118 suerat
1023 3054 1175 3136 expulsus,

242 3193 273 3245 et
294 3179 427 3244 collectis
460 3173 561 3235 multis
596 3170 758 3254 gentibus,
790 3179 825 3230 ut
857 3168 1039 3246 teregnum
1072 3175 1176 3246 posset

240 3289 381 3363 restitui,
403 3283 565 3347 dimicavit.

279 3398 371 3482 Cap
390 3389 429 3459 X
451 3396 485 3456 ln
503 3391 598 3478 prima
617 3410 717 3471 pugna
736 3389 848 3450 Brutus
868 3385 999 3460 consul
1017 3394 1047 3445 et
1060 3381 1175 3458 Aruns,
