2617 4017
508 302 665 367 niara
698 305 722 367 r.
1040 259 1080 370 ‘7

144 469 305 553 Tarquinii
325 468 403 531 filius
413 515 423 543 ‚
435 468 476 538 in
499 469 592 530 vicem
612 491 643 530 se
663 467 849 529 occiderunt.
882 470 1011 531 Romani
1039 483 1083 531 te·

147 599 218 639 mcn
239 600 274 639 ex
296 598 330 637 ea
351 597 450 660 pugna
469 578 599 639 victores
628 589 831 638 recesserunt.
862 579 993 638 Brutum
1020 578 1083 639 Ro·

135 701 251 746 'manae
271 697 446 759 matronae,
467 684 655 746 defensorem
687 683 849 767 pudicitiae
879 706 977 757 suae,
998 685 1082 766 quasi

148 814 338 854 communem
369 806 505 873 patrem,
537 813 724 872 perannum
756 793 910 852 luxerunt.
940 793 1080 853 Valerius

147 900 301 962 Publicola
330 903 382 982 sp.
417 883 591 961 Lucretium
623 899 837 981 Tricipitinum
861 901 1004 983 collegam
1023 899 1080 960 sihi
1094 943 1163 990 m,-

146 1006 241 1081 fecit,
260 1008 416 1069 Lucretiae
434 1019 547 1089 patrem
562 1031 571 1081 ς
592 1029 652 1090 quo
670 1006 778 1068 morbo
805 1021 948 1084 mortno,
969 1008 1079 1068 iterum
1092 1009 1162 1074 246

72 1177 76 1184 ,
146 1114 304 1175 Horatfum
325 1097 485 1178 Pulvillum
505 1118 648 1200 collegam
669 1117 726 1178 siti
755 1117 873 1177 sumsit.
904 1119 946 1177 lta
965 1117 1079 1198 primus

146 1244 241 1283 annus
263 1225 396 1306 quinque
414 1226 551 1286 consules
573 1226 694 1299 habuit,
714 1249 783 1287 cum
806 1226 988 1317 Tarquinius
1010 1226 1080 1288 Col·

144 1330 253 1391 latinus
271 1332 347 1391 urbe
366 1334 501 1395 cessisset
521 1348 647 1416 propter
669 1355 780 1395 nomen
795 1380 805 1408 ,
821 1337 934 1396 Brutus
961 1332 1079 1415 proelio

143 1421 286 1520 perisset,
305 1441 357 1520 Sp
382 1443 539 1503 Lucretius
559 1443 667 1504 morbo
689 1455 826 1503 mortuus
848 1454 935 1504 esset

182 1545 276 1629 Cap.
297 1551 352 1610 ΧΙ.
372 1550 440 1634 (X)
464 1552 604 1611 Secundo
628 1572 748 1633 quoque
770 1572 850 1611 auno
874 1551 983 1612 iterum
1002 1550 1084 1611 Tar

113 1647 117 1656 ⁸
145 1675 284 1735 quimus,
292 1625 343 1716 ut
361 1656 549 1738 reciperetur
578 1658 609 1717 in
629 1679 780 1738 regnum,
804 1656 914 1718 bellum
933 1658 1077 1724 Romanis

144 1763 270 1838 intulit,
290 1762 482 1824 auxilium
456 1784 484 1821 er
506 1763 621 1822 serente
642 1765 798 1835 Porsena,
823 1765 948 1825 Tusciae
978 1786 1048 1847 rege
1066 1793 1076 1840 ς

143 1884 175 1933 et
193 1873 321 1933 Romam
343 1892 439 1953 paene
467 1871 561 1953 cepit.
583 1873 699 1932 Verum
729 1884 803 1932 tunc
829 1895 958 1956 ¹quoque
978 1875 1075 1937 victus

144 1992 199 2041 est.
220 1980 324 2040 Tertio
346 2001 427 2078 pono
448 1992 517 2061 post
534 2001 619 2063 reges
641 1994 760 2042 exactos
779 1981 988 2065 Tarquinius,
1006 2006 1072 2044 cum
1088 2027 1155 2071 m·

143 2089 253 2171 suscipi
270 2110 332 2151 uon
351 2102 453 2172 posset
472 2091 504 2151 in
525 2111 676 2173 reguum,
696 2111 794 2172 neque
813 2093 841 2152 ei
862 2093 1003 2167 Porsena,
1022 2093 1072 2174 qui
1086 2091 1154 2153 247

142 2219 244 2280 pacem
279 2222 348 2259 cum
380 2201 524 2261 Romanis
552 2200 688 2274 fecerat,
706 2187 854 2260 auxilium
890 2213 1074 2282 praestaret,

139 2307 304 2372 Tusculum
322 2331 354 2370 se
372 2309 510 2381 contulit,
533 2328 609 2389 quae
631 2308 735 2367 civitas
755 2330 819 2368 non
840 2309 930 2390 longe
945 2307 983 2369 ab
996 2307 1072 2398 urbe

141 2428 205 2491 est,
225 2429 314 2501 atque
335 2417 376 2476 ibi
397 2438 451 2497 per
482 2415 711 2498 quatuordecim
732 2438 826 2476 annos
847 2417 979 2499 privatus
1003 2439 1071 2479 cum

80 2563 108 2586 ,«
141 2513 235 2586 uxore
255 2525 423 2585 consenuit.
456 2523 576 2599 Quarto
610 2544 691 2584 anuo
711 2536 781 2604 post
812 2546 897 2606 reges
929 2539 1070 2600 exactos,
1083 2573 1154 2619 M·

85 2650 89 2657 ·
141 2652 207 2691 cum
230 2631 331 2692 Sabini
353 2631 517 2704 Romanis,
536 2629 647 2690 bellum
672 2631 867 2703 intulissent,
888 2631 959 2691 victi
979 2639 1155 2708 sunum

141 2739 226 2799 etde
245 2723 348 2800 liisest
369 2718 596 2821 triumphatum.
613 2739 731 2816 Quinto
753 2758 832 2800 anno
853 2738 991 2800 Valerius
1012 2740 1070 2814 ille,

140 2846 228 2907 Bruti
248 2849 380 2931 collega,
399 2862 429 2910 et
448 2862 554 2931 quater
584 2864 650 2910 cos.
683 2848 813 2908 fataliter
844 2858 981 2909 mortuus
1001 2860 1045 2909 est
1060 2873 1069 2921 3
1085 2891 1152 2937 mu.

140 2957 213 3017 adeo
235 2979 372 3039 pauper,
387 2949 437 3030 ut,
460 2958 572 3018 collatis
594 2979 611 3018 a
633 2956 746 3039 populo
770 2955 918 3026 nummis,
937 2966 1065 3015 sumtum
1082 2957 1149 3019 251

136 3065 275 3128 habuerit
303 3067 473 3148 sepulturae
488 3091 498 3140 ς
521 3087 609 3148 quem
627 3076 804 3139 matronae,
824 3063 901 3126 sicut
920 3065 1068 3136 Brutum,

138 3194 249 3236 anuum
268 3177 420 3236 luxerunt.

143 3274 148 3286 ’
177 3283 273 3366 Cap.
295 3288 361 3345 Xll.
382 3285 483 3369 (xl.)
514 3284 604 3345 Nono
637 3304 717 3348 anno
738 3294 806 3365 post
827 3298 910 3359 reges
930 3285 1071 3346 exactos,
1129 3259 1133 3268 ¹

137 3415 204 3454 curu
228 3415 321 3479 gener
339 3389 505 3479 Tarquinii,
524 3395 561 3455 ad
581 3393 720 3456 iniuriam
735 3389 833 3453 soceri
850 3379 1069 3453 uindicandam,
1122 3423 1125 3438 .
