<?xml version="1.0" encoding="UTF-8"?>
<!DOCTYPE html PUBLIC "-//W3C//DTD XHTML 1.0 Transitional//EN"
    "http://www.w3.org/TR/xhtml1/DTD/xhtml1-transitional.dtd">
<html xmlns="http://www.w3.org/1999/xhtml" xml:lang="en" lang="en">
 <head>
  <title>
</title>
<meta http-equiv="Content-Type" content="text/html;charset=utf-8" />
  <meta name='ocr-system' content='tesseract 3.04.00' />
  <meta name='ocr-capabilities' content='ocr_page ocr_carea ocr_par ocr_line ocrx_word'/>
</head>
<body>
  <div class='ocr_page' id='page_1' title='image "./eutropiibreviar03eutrgoog_0028.png"; bbox 0 0 2617 4017; ppageno 0'>
   <div class='ocr_carea' id='block_1_1' title="bbox 218 278 813 350">
    <p class='ocr_par' dir='ltr' id='par_1_1' title="bbox 218 278 813 350">
     <span class='ocr_line' id='line_1_1' title="bbox 218 278 813 350; baseline -0.01 -6"><span class='ocrx_word' id='word_1_1' title='bbox 218 283 265 344; x_wconf 76' lang='lat'><strong>22</strong></span> <span class='ocrx_word' id='word_1_2' title='bbox 380 303 411 350; x_wconf 83' lang='grc'><strong>,·</strong></span> <span class='ocrx_word' id='word_1_3' title='bbox 555 278 813 341; x_wconf 84' lang='lat' dir='ltr'><strong>EUTROPII</strong></span> 
     </span>
    </p>
   </div>
   <div class='ocr_carea' id='block_1_2' title="bbox 131 431 1188 2341">
    <p class='ocr_par' dir='ltr' id='par_1_2' title="bbox 213 431 1146 1380">
     <span class='ocr_line' id='line_1_2' title="bbox 218 431 1143 523; baseline -0.003 -19"><span class='ocrx_word' id='word_1_4' title='bbox 218 463 252 504; x_wconf 86' lang='lat' dir='ltr'><strong>ac</strong></span> <span class='ocrx_word' id='word_1_5' title='bbox 280 442 530 522; x_wconf 80' lang='lat' dir='ltr'><strong>permutationem</strong></span> <span class='ocrx_word' id='word_1_6' title='bbox 563 443 749 523; x_wconf 84' lang='lat' dir='ltr'><strong>captivorum</strong></span> <span class='ocrx_word' id='word_1_7' title='bbox 780 431 906 502; x_wconf 54' lang='lat' dir='ltr'><strong>faceret}</strong></span> <span class='ocrx_word' id='word_1_8' title='bbox 932 442 982 501; x_wconf 83' lang='lat' dir='ltr'><strong>lile</strong></span> <span class='ocrx_word' id='word_1_9' title='bbox 1015 443 1143 502; x_wconf 88' lang='lat' dir='ltr'><strong>Romam</strong></span> 
     </span>
     <span class='ocr_line' id='line_1_3' title="bbox 216 549 1145 630; baseline -0.002 -20"><span class='ocrx_word' id='word_1_10' title='bbox 216 571 284 611; x_wconf 90' lang='lat' dir='ltr'><strong>cnm</strong></span> <span class='ocrx_word' id='word_1_11' title='bbox 306 550 456 624; x_wconf 80' lang='lat' dir='ltr'><strong>venisset,</strong></span> <span class='ocrx_word' id='word_1_12' title='bbox 477 550 616 610; x_wconf 80' lang='lat' dir='ltr'><strong>inductus</strong></span> <span class='ocrx_word' id='word_1_13' title='bbox 637 552 671 610; x_wconf 92' lang='lat' dir='ltr'><strong>in</strong></span> <span class='ocrx_word' id='word_1_14' title='bbox 692 562 852 621; x_wconf 84' lang='lat' dir='ltr'><strong>senatum,</strong></span> <span class='ocrx_word' id='word_1_15' title='bbox 886 549 958 624; x_wconf 85' lang='lat' dir='ltr'><strong>nihil</strong></span> <span class='ocrx_word' id='word_1_16' title='bbox 980 550 1064 630; x_wconf 84' lang='lat' dir='ltr'><strong>quasi</strong></span> <span class='ocrx_word' id='word_1_17' title='bbox 1083 551 1145 610; x_wconf 81' lang='lat' dir='ltr'><strong>Rc·-</strong></span> 
     </span>
     <span class='ocr_line' id='line_1_4' title="bbox 216 642 1145 739; baseline 0.001 -22"><span class='ocrx_word' id='word_1_18' title='bbox 216 642 322 717; x_wconf 87' lang='lat' dir='ltr'><strong>manus</strong></span> <span class='ocrx_word' id='word_1_19' title='bbox 346 657 430 739; x_wconf 90' lang='lat' dir='ltr'><strong>egit,</strong></span> <span class='ocrx_word' id='word_1_20' title='bbox 450 658 607 738; x_wconf 83' lang='lat' dir='ltr'>dixitque,</span> <span class='ocrx_word' id='word_1_21' title='bbox 638 679 670 719; x_wconf 79' lang='lat' dir='ltr'><strong>cr</strong></span> <span class='ocrx_word' id='word_1_22' title='bbox 688 679 724 717; x_wconf 74' lang='lat' dir='ltr'><strong>ea</strong></span> <span class='ocrx_word' id='word_1_23' title='bbox 743 659 805 720; x_wconf 79' lang='lat' dir='ltr'><strong>itta</strong></span> <span class='ocrx_word' id='word_1_24' title='bbox 826 658 898 730; x_wconf 71' lang='lat' dir='ltr'><strong>dte,</strong></span> <span class='ocrx_word' id='word_1_25' title='bbox 921 680 978 734; x_wconf 76' lang='lat' dir='ltr'><strong>qua</strong></span> <span class='ocrx_word' id='word_1_26' title='bbox 1000 660 1032 716; x_wconf 83' lang='lat' dir='ltr'><strong>in</strong></span> <span class='ocrx_word' id='word_1_27' title='bbox 1049 665 1145 736; x_wconf 73' lang='lat' dir='ltr'><strong>potcs&#39;·</strong></span> 
     </span>
     <span class='ocr_line' id='line_1_5' title="bbox 217 765 1146 846; baseline -0.002 -21"><span class='ocrx_word' id='word_1_28' title='bbox 217 778 305 825; x_wconf 79' lang='lat' dir='ltr'><strong>tatem</strong></span> <span class='ocrx_word' id='word_1_29' title='bbox 328 766 465 846; x_wconf 74' lang='lat' dir='ltr'><strong>Aj&#39;rorum</strong></span> <span class='ocrx_word' id='word_1_30' title='bbox 484 766 627 837; x_wconf 82' lang='lat' dir='ltr'><strong>venisset,</strong></span> <span class='ocrx_word' id='word_1_31' title='bbox 648 766 812 826; x_wconf 85' lang='lat' dir='ltr'><strong>Romanum</strong></span> <span class='ocrx_word' id='word_1_32' title='bbox 832 787 890 826; x_wconf 79' lang='lat' dir='ltr'><strong>csse</strong></span> <span class='ocrx_word' id='word_1_33' title='bbox 918 767 1053 826; x_wconf 80' lang='lat' dir='ltr'><strong>desiisse.</strong></span> <span class='ocrx_word' id='word_1_34' title='bbox 1090 765 1146 823; x_wconf 83' lang='lat' dir='ltr'><strong>lta-</strong></span> 
     </span>
     <span class='ocr_line' id='line_1_6' title="bbox 217 871 1146 954; baseline 0 -24"><span class='ocrx_word' id='word_1_35' title='bbox 217 891 275 952; x_wconf 86' lang='lat' dir='ltr'><strong>que</strong></span> <span class='ocrx_word' id='word_1_36' title='bbox 295 882 326 931; x_wconf 89' lang='lat' dir='ltr'><strong>et</strong></span> <span class='ocrx_word' id='word_1_37' title='bbox 343 892 468 931; x_wconf 78' lang='lat' dir='ltr'><strong>uxorem</strong></span> <span class='ocrx_word' id='word_1_38' title='bbox 488 894 505 934; x_wconf 88' lang='lat' dir='ltr'><strong>a</strong></span> <span class='ocrx_word' id='word_1_39' title='bbox 529 874 686 954; x_wconf 85' lang='lat' dir='ltr'><strong>complexu</strong></span> <span class='ocrx_word' id='word_1_40' title='bbox 713 873 864 946; x_wconf 83' lang='lat' dir='ltr'><strong>removit,</strong></span> <span class='ocrx_word' id='word_1_41' title='bbox 888 883 918 932; x_wconf 90' lang='lat' dir='ltr'><strong>et</strong></span> <span class='ocrx_word' id='word_1_42' title='bbox 938 871 1054 932; x_wconf 89' lang='lat' dir='ltr'><strong>senatui</strong></span> <span class='ocrx_word' id='word_1_43' title='bbox 1080 891 1146 930; x_wconf 87' lang='lat' dir='ltr'><strong>soa·</strong></span> 
     </span>
     <span class='ocr_line' id='line_1_7' title="bbox 216 957 1146 1059; baseline 0.002 -20"><span class='ocrx_word' id='word_1_44' title='bbox 216 977 279 1051; x_wconf 82' lang='lat' dir='ltr'><strong>sit,</strong></span> <span class='ocrx_word' id='word_1_45' title='bbox 303 997 341 1037; x_wconf 90' lang='lat' dir='ltr'><strong>ne</strong></span> <span class='ocrx_word' id='word_1_46' title='bbox 362 999 418 1059; x_wconf 84' lang='lat' dir='ltr'><strong>pax</strong></span> <span class='ocrx_word' id='word_1_47' title='bbox 440 999 508 1039; x_wconf 88' lang='lat' dir='ltr'><strong>cum</strong></span> <span class='ocrx_word' id='word_1_48' title='bbox 525 979 634 1040; x_wconf 83' lang='lat' dir='ltr'><strong>Poenis</strong></span> <span class='ocrx_word' id='word_1_49' title='bbox 664 980 774 1053; x_wconf 84' lang='lat' dir='ltr'><strong>fieret;</strong></span> <span class='ocrx_word' id='word_1_50' title='bbox 809 978 884 1039; x_wconf 80' lang='lat' dir='ltr'><strong>illos</strong></span> <span class='ocrx_word' id='word_1_51' title='bbox 907 980 1009 1051; x_wconf 79' lang='lat' dir='ltr'><strong>enim,</strong></span> <span class='ocrx_word' id='word_1_52' title='bbox 1030 957 1146 1059; x_wconf 60' lang='lat' dir='ltr'><strong>fructos</strong></span> 
     </span>
     <span class='ocr_line' id='line_1_8' title="bbox 213 1073 1145 1164; baseline -0.001 -17"><span class='ocrx_word' id='word_1_53' title='bbox 213 1073 258 1147; x_wconf 70' lang='lat' dir='ltr'><strong>ior</strong></span> <span class='ocrx_word' id='word_1_54' title='bbox 277 1087 416 1159; x_wconf 80' lang='lat' dir='ltr'><em>casibus,</em></span> <span class='ocrx_word' id='word_1_55' title='bbox 438 1108 516 1164; x_wconf 80' lang='lat' dir='ltr'><strong>spem</strong></span> <span class='ocrx_word' id='word_1_56' title='bbox 536 1086 659 1147; x_wconf 80' lang='lat' dir='ltr'><strong>nullam</strong></span> <span class='ocrx_word' id='word_1_57' title='bbox 683 1087 806 1146; x_wconf 74' lang='lat' dir='ltr'><strong>habere.-</strong></span> <span class='ocrx_word' id='word_1_58' title='bbox 836 1109 867 1145; x_wconf 83' lang='lat' dir='ltr'><strong>se</strong></span> <span class='ocrx_word' id='word_1_59' title='bbox 885 1087 960 1146; x_wconf 82' lang='lat' dir='ltr'><strong>tanti</strong></span> <span class='ocrx_word' id='word_1_60' title='bbox 981 1107 1037 1145; x_wconf 84' lang='lat' dir='ltr'><strong>non</strong></span> <span class='ocrx_word' id='word_1_61' title='bbox 1060 1107 1145 1157; x_wconf 77' lang='lat' dir='ltr'><strong>esse,</strong></span> 
     </span>
     <span class='ocr_line' id='line_1_9' title="bbox 216 1193 1143 1271; baseline 0 -18"><span class='ocrx_word' id='word_1_62' title='bbox 216 1206 250 1253; x_wconf 83' lang='lat' dir='ltr'><strong>ut</strong></span> <span class='ocrx_word' id='word_1_63' title='bbox 270 1208 309 1255; x_wconf 82' lang='lat' dir='ltr'><strong>tot</strong></span> <span class='ocrx_word' id='word_1_64' title='bbox 329 1193 434 1255; x_wconf 75' lang='lat' dir='ltr'><strong>millia</strong></span> <span class='ocrx_word' id='word_1_65' title='bbox 463 1196 644 1271; x_wconf 78' lang='lat' dir='ltr'><strong>captiuorum</strong></span> <span class='ocrx_word' id='word_1_66' title='bbox 661 1205 778 1270; x_wconf 83' lang='lat' dir='ltr'><strong>propter</strong></span> <span class='ocrx_word' id='word_1_67' title='bbox 797 1214 887 1251; x_wconf 72' lang='lat' dir='ltr'><strong>uncam</strong></span> <span class='ocrx_word' id='word_1_68' title='bbox 903 1212 933 1253; x_wconf 83' lang='lat' dir='ltr'><strong>sc</strong></span> <span class='ocrx_word' id='word_1_69' title='bbox 943 1235 953 1264; x_wconf 87' lang='lat'><em>,</em></span> <span class='ocrx_word' id='word_1_70' title='bbox 981 1208 1007 1253; x_wconf 83' lang='lat' dir='ltr'><strong>et</strong></span> <span class='ocrx_word' id='word_1_71' title='bbox 1023 1214 1143 1268; x_wconf 79' lang='lat' dir='ltr'><strong>senem,</strong></span> 
     </span>
     <span class='ocr_line' id='line_1_10' title="bbox 217 1301 1142 1380; baseline 0.001 -22"><span class='ocrx_word' id='word_1_72' title='bbox 217 1313 244 1359; x_wconf 80' lang='lat' dir='ltr'><strong>et</strong></span> <span class='ocrx_word' id='word_1_73' title='bbox 260 1320 369 1377; x_wconf 80' lang='lat' dir='ltr'><strong>paucos</strong></span> <span class='ocrx_word' id='word_1_74' title='bbox 380 1343 389 1370; x_wconf 86' lang='lat'><em>,</em></span> <span class='ocrx_word' id='word_1_75' title='bbox 416 1301 468 1376; x_wconf 76' lang='lat' dir='ltr'><strong>qui</strong></span> <span class='ocrx_word' id='word_1_76' title='bbox 488 1321 523 1359; x_wconf 73' lang='lat' dir='ltr'><strong>cr</strong></span> <span class='ocrx_word' id='word_1_77' title='bbox 543 1301 683 1360; x_wconf 83' lang='lat' dir='ltr'><strong>Romanis</strong></span> <span class='ocrx_word' id='word_1_78' title='bbox 706 1302 786 1377; x_wconf 79' lang='lat' dir='ltr'><strong>capti</strong></span> <span class='ocrx_word' id='word_1_79' title='bbox 796 1301 929 1380; x_wconf 79' lang='lat' dir='ltr'><strong>sacrant,</strong></span> <span class='ocrx_word' id='word_1_80' title='bbox 943 1301 1142 1361; x_wconf 78' lang='lat' dir='ltr'><strong>redderentur.</strong></span> 
     </span>
    </p>

    <p class='ocr_par' dir='ltr' id='par_1_3' title="bbox 136 1404 1179 2024">
     <span class='ocr_line' id='line_1_11' title="bbox 136 1404 1144 1488; baseline 0.003 -25"><span class='ocrx_word' id='word_1_81' title='bbox 136 1463 149 1488; x_wconf 19' lang='lat'><strong>4,</strong></span> <span class='ocrx_word' id='word_1_82' title='bbox 214 1405 318 1486; x_wconf 89' lang='lat' dir='ltr'><strong>ltaque</strong></span> <span class='ocrx_word' id='word_1_83' title='bbox 338 1404 482 1464; x_wconf 86' lang='lat' dir='ltr'><strong>obtinuit.</strong></span> <span class='ocrx_word' id='word_1_84' title='bbox 502 1406 579 1466; x_wconf 87' lang='lat' dir='ltr'><strong>Nam</strong></span> <span class='ocrx_word' id='word_1_85' title='bbox 596 1406 712 1480; x_wconf 82' lang='lat' dir='ltr'><strong>Afros,</strong></span> <span class='ocrx_word' id='word_1_86' title='bbox 731 1426 833 1487; x_wconf 81' lang='lat' dir='ltr'><strong>pacem</strong></span> <span class='ocrx_word' id='word_1_87' title='bbox 854 1418 1011 1487; x_wconf 89' lang='lat' dir='ltr'><strong>petentes,</strong></span> <span class='ocrx_word' id='word_1_88' title='bbox 1044 1405 1144 1467; x_wconf 88' lang='lat' dir='ltr'><strong>nullus</strong></span> 
     </span>
     <span class='ocr_line' id='line_1_12' title="bbox 213 1509 1145 1596; baseline 0.002 -25"><span class='ocrx_word' id='word_1_89' title='bbox 213 1512 355 1585; x_wconf 77' lang='lat' dir='ltr'><strong>admisit3</strong></span> <span class='ocrx_word' id='word_1_90' title='bbox 393 1512 456 1593; x_wconf 87' lang='lat' dir='ltr'><strong>ipse</strong></span> <span class='ocrx_word' id='word_1_91' title='bbox 499 1511 709 1595; x_wconf 75' lang='lat' dir='ltr'><strong>Carthaginem</strong></span> <span class='ocrx_word' id='word_1_92' title='bbox 744 1511 856 1586; x_wconf 89' lang='lat' dir='ltr'><strong>rediit,</strong></span> <span class='ocrx_word' id='word_1_93' title='bbox 888 1509 1145 1596; x_wconf 86' lang='lat' dir='ltr'><strong>offerentibusque</strong></span> 
     </span>
     <span class='ocr_line' id='line_1_13' title="bbox 215 1621 1145 1701; baseline -0.002 -19"><span class='ocrx_word' id='word_1_94' title='bbox 215 1621 377 1693; x_wconf 85' lang='lat' dir='ltr'><strong>Romanis,</strong></span> <span class='ocrx_word' id='word_1_95' title='bbox 394 1633 430 1679; x_wconf 90' lang='lat' dir='ltr'><strong>ut</strong></span> <span class='ocrx_word' id='word_1_96' title='bbox 449 1641 518 1681; x_wconf 87' lang='lat' dir='ltr'><strong>eum</strong></span> <span class='ocrx_word' id='word_1_97' title='bbox 534 1621 648 1682; x_wconf 82' lang='lat' dir='ltr'><strong>Romae</strong></span> <span class='ocrx_word' id='word_1_98' title='bbox 668 1633 827 1698; x_wconf 85' lang='lat' dir='ltr'><strong>tenerent,</strong></span> <span class='ocrx_word' id='word_1_99' title='bbox 846 1622 982 1701; x_wconf 86' lang='lat' dir='ltr'><strong>negavit,</strong></span> <span class='ocrx_word' id='word_1_100' title='bbox 1002 1642 1034 1682; x_wconf 88' lang='lat' dir='ltr'><strong>sc</strong></span> <span class='ocrx_word' id='word_1_101' title='bbox 1056 1622 1088 1681; x_wconf 92' lang='lat' dir='ltr'><strong>in</strong></span> <span class='ocrx_word' id='word_1_102' title='bbox 1110 1641 1145 1681; x_wconf 89' lang='lat' dir='ltr'><strong>ea</strong></span> 
     </span>
     <span class='ocr_line' id='line_1_14' title="bbox 214 1727 1142 1811; baseline -0.002 -23"><span class='ocrx_word' id='word_1_103' title='bbox 214 1727 290 1788; x_wconf 87' lang='lat' dir='ltr'><strong>urbe</strong></span> <span class='ocrx_word' id='word_1_104' title='bbox 311 1749 508 1801; x_wconf 86' lang='lat' dir='ltr'><strong>mansurum,</strong></span> <span class='ocrx_word' id='word_1_105' title='bbox 530 1728 562 1788; x_wconf 90' lang='lat' dir='ltr'><strong>in</strong></span> <span class='ocrx_word' id='word_1_106' title='bbox 583 1750 665 1810; x_wconf 88' lang='lat' dir='ltr'><strong>qua,</strong></span> <span class='ocrx_word' id='word_1_107' title='bbox 685 1740 842 1811; x_wconf 76' lang='lat' dir='ltr'><strong>postquam</strong></span> <span class='ocrx_word' id='word_1_108' title='bbox 877 1727 959 1789; x_wconf 77' lang='lat' dir='ltr'><strong>Afris</strong></span> <span class='ocrx_word' id='word_1_109' title='bbox 980 1727 1142 1799; x_wconf 65' lang='lat' dir='ltr'><strong>servierat,</strong></span> 
     </span>
     <span class='ocr_line' id='line_1_15' title="bbox 214 1825 1179 1917; baseline 0.003 -24"><span class='ocrx_word' id='word_1_110' title='bbox 214 1833 388 1914; x_wconf 83' lang='lat' dir='ltr'><strong>dignitatem</strong></span> <span class='ocrx_word' id='word_1_111' title='bbox 407 1834 525 1897; x_wconf 79' lang='lat' dir='ltr'><strong>honesti</strong></span> <span class='ocrx_word' id='word_1_112' title='bbox 546 1835 618 1897; x_wconf 82' lang='lat' dir='ltr'><strong>civis</strong></span> <span class='ocrx_word' id='word_1_113' title='bbox 640 1836 750 1897; x_wconf 89' lang='lat' dir='ltr'><strong>habere</strong></span> <span class='ocrx_word' id='word_1_114' title='bbox 768 1857 832 1895; x_wconf 91' lang='lat' dir='ltr'><strong>non</strong></span> <span class='ocrx_word' id='word_1_115' title='bbox 852 1846 961 1916; x_wconf 86' lang='lat' dir='ltr'><strong>posset.</strong></span> <span class='ocrx_word' id='word_1_116' title='bbox 979 1837 1142 1917; x_wconf 81' lang='lat' dir='ltr'><strong>Regressus</strong></span> <span class='ocrx_word' id='word_1_117' title='bbox 1173 1825 1179 1838; x_wconf 68' lang='grc'><em>’</em></span> 
     </span>
     <span class='ocr_line' id='line_1_16' title="bbox 215 1933 1141 2024; baseline -0.004 -23"><span class='ocrx_word' id='word_1_118' title='bbox 215 1939 308 2024; x_wconf 85' lang='lat' dir='ltr'><strong>igitur</strong></span> <span class='ocrx_word' id='word_1_119' title='bbox 329 1941 366 2001; x_wconf 87' lang='lat' dir='ltr'><strong>ad</strong></span> <span class='ocrx_word' id='word_1_120' title='bbox 383 1941 540 2013; x_wconf 82' lang='lat' dir='ltr'><strong>Africam,</strong></span> <span class='ocrx_word' id='word_1_121' title='bbox 563 1939 705 2006; x_wconf 87' lang='lat' dir='ltr'><strong>omnibus</strong></span> <span class='ocrx_word' id='word_1_122' title='bbox 720 1938 873 2020; x_wconf 87' lang='lat' dir='ltr'><strong>suppliciis</strong></span> <span class='ocrx_word' id='word_1_123' title='bbox 895 1933 1055 1998; x_wconf 83' lang='lat' dir='ltr'><strong>exstinctus</strong></span> <span class='ocrx_word' id='word_1_124' title='bbox 1087 1951 1141 2002; x_wconf 89' lang='lat' dir='ltr'><strong>est.</strong></span> 
     </span>
    </p>

    <p class='ocr_par' dir='ltr' id='par_1_4' title="bbox 131 2043 1188 2130">
     <span class='ocr_line' id='line_1_17' title="bbox 131 2043 1188 2130; baseline -0.004 -22"><span class='ocrx_word' id='word_1_125' title='bbox 131 2065 201 2109; x_wconf 68' lang='lat' dir='ltr'><strong>Mt.</strong></span> <span class='ocrx_word' id='word_1_126' title='bbox 256 2045 349 2127; x_wconf 84' lang='lat' dir='ltr'><strong>Cap.</strong></span> <span class='ocrx_word' id='word_1_127' title='bbox 369 2049 479 2108; x_wconf 83' lang='lat' dir='ltr'>XXVI.</span> <span class='ocrx_word' id='word_1_128' title='bbox 500 2048 607 2130; x_wconf 83' lang='lat' dir='ltr'>(XV.)</span> <span class='ocrx_word' id='word_1_129' title='bbox 626 2048 660 2106; x_wconf 87' lang='lat' dir='ltr'><strong>P.</strong></span> <span class='ocrx_word' id='word_1_130' title='bbox 682 2043 808 2107; x_wconf 88' lang='lat' dir='ltr'><strong>Claudio</strong></span> <span class='ocrx_word' id='word_1_131' title='bbox 827 2044 978 2115; x_wconf 83' lang='lat' dir='ltr'><strong>Pulchro,</strong></span> <span class='ocrx_word' id='word_1_132' title='bbox 998 2043 1032 2102; x_wconf 84' lang='lat' dir='ltr'><strong>L.</strong></span> <span class='ocrx_word' id='word_1_133' title='bbox 1055 2043 1144 2105; x_wconf 89' lang='lat' dir='ltr'><strong>lunio</strong></span> <span class='ocrx_word' id='word_1_134' title='bbox 1184 2107 1188 2116; x_wconf 28' lang='lat' dir='ltr'><em>s</em></span> 
     </span>
    </p>

    <p class='ocr_par' dir='ltr' id='par_1_5' title="bbox 134 2128 1146 2341">
     <span class='ocr_line' id='line_1_18' title="bbox 134 2128 1146 2234; baseline -0.006 -20"><span class='ocrx_word' id='word_1_135' title='bbox 134 2128 202 2192; x_wconf 77' lang='lat'><strong>5⁰3</strong></span> <span class='ocrx_word' id='word_1_136' title='bbox 214 2166 295 2214; x_wconf 76' lang='lat' dir='ltr'><strong>coss</strong></span> <span class='ocrx_word' id='word_1_137' title='bbox 319 2151 459 2214; x_wconf 87' lang='lat' dir='ltr'><strong>Claudius</strong></span> <span class='ocrx_word' id='word_1_138' title='bbox 478 2165 585 2214; x_wconf 87' lang='lat' dir='ltr'><strong>contra</strong></span> <span class='ocrx_word' id='word_1_139' title='bbox 602 2152 732 2233; x_wconf 88' lang='lat' dir='ltr'><strong>auspicia</strong></span> <span class='ocrx_word' id='word_1_140' title='bbox 752 2153 918 2234; x_wconf 87' lang='lat' dir='ltr'><strong>pugnavit,</strong></span> <span class='ocrx_word' id='word_1_141' title='bbox 939 2163 970 2211; x_wconf 91' lang='lat' dir='ltr'><strong>et</strong></span> <span class='ocrx_word' id='word_1_142' title='bbox 988 2172 1004 2212; x_wconf 84' lang='lat' dir='ltr'><strong>a</strong></span> <span class='ocrx_word' id='word_1_143' title='bbox 1021 2130 1146 2212; x_wconf 79' lang='lat' dir='ltr'><strong>Cartha·</strong></span> 
     </span>
     <span class='ocr_line' id='line_1_19' title="bbox 215 2258 1143 2341; baseline 0 -23"><span class='ocrx_word' id='word_1_144' title='bbox 215 2259 397 2341; x_wconf 80' lang='lat' dir='ltr'><strong>giniensibus</strong></span> <span class='ocrx_word' id='word_1_145' title='bbox 415 2260 511 2321; x_wconf 85' lang='lat' dir='ltr'><strong>victus</strong></span> <span class='ocrx_word' id='word_1_146' title='bbox 526 2270 580 2319; x_wconf 84' lang='lat' dir='ltr'><strong>est.</strong></span> <span class='ocrx_word' id='word_1_147' title='bbox 595 2260 673 2319; x_wconf 89' lang='lat' dir='ltr'><strong>Nam</strong></span> <span class='ocrx_word' id='word_1_148' title='bbox 694 2280 729 2321; x_wconf 81' lang='lat' dir='ltr'><strong>ex</strong></span> <span class='ocrx_word' id='word_1_149' title='bbox 743 2273 822 2318; x_wconf 84' lang='lat' dir='ltr'><strong>ccxx</strong></span> <span class='ocrx_word' id='word_1_150' title='bbox 844 2258 967 2320; x_wconf 84' lang='lat' dir='ltr'><strong>navibus</strong></span> <span class='ocrx_word' id='word_1_151' title='bbox 988 2281 1056 2320; x_wconf 87' lang='lat' dir='ltr'><strong>cum</strong></span> <span class='ocrx_word' id='word_1_152' title='bbox 1071 2267 1143 2319; x_wconf 61' lang='grc' dir='ltr'><strong>ΠΧ</strong></span> 
     </span>
    </p>
   </div>
   <div class='ocr_carea' id='block_1_3' title="bbox 1306 1849 1311 2464">
    <p class='ocr_par' dir='ltr' id='par_1_6' title="bbox 1306 1849 1311 2464">
     <span class='ocr_line' id='line_1_20' title="bbox 1306 1849 1311 2464; baseline 0 0"><span class='ocrx_word' id='word_1_153' title='bbox 1306 1849 1311 2464; x_wconf 95' lang='lat' dir='ltr'><strong> </strong></span> 
     </span>
    </p>
   </div>
   <div class='ocr_carea' id='block_1_4' title="bbox 164 2359 1190 2663">
    <p class='ocr_par' dir='ltr' id='par_1_7' title="bbox 164 2359 1190 2663">
     <span class='ocr_line' id='line_1_21' title="bbox 164 2359 1145 2458; baseline 0.003 -35"><span class='ocrx_word' id='word_1_154' title='bbox 164 2359 166 2362; x_wconf 65' lang='grc'><strong>’</strong></span> <span class='ocrx_word' id='word_1_155' title='bbox 214 2363 291 2448; x_wconf 82' lang='lat' dir='ltr'><strong>sugit</strong></span> <span class='ocrx_word' id='word_1_156' title='bbox 302 2409 313 2439; x_wconf 87' lang='lat'><em>‚</em></span> <span class='ocrx_word' id='word_1_157' title='bbox 334 2367 496 2449; x_wconf 80' lang='lat' dir='ltr'><strong>nonaginta</strong></span> <span class='ocrx_word' id='word_1_158' title='bbox 517 2388 584 2458; x_wconf 79' lang='lat' dir='ltr'><strong>cum</strong></span> <span class='ocrx_word' id='word_1_159' title='bbox 605 2367 821 2450; x_wconf 83' lang='lat' dir='ltr'><strong>pugnatoribus</strong></span> <span class='ocrx_word' id='word_1_160' title='bbox 854 2379 956 2448; x_wconf 85' lang='lat' dir='ltr'><strong>captae</strong></span> <span class='ocrx_word' id='word_1_161' title='bbox 981 2378 1070 2439; x_wconf 88' lang='lat' dir='ltr'><strong>sunt,</strong></span> <span class='ocrx_word' id='word_1_162' title='bbox 1094 2366 1145 2427; x_wconf 92' lang='lat' dir='ltr'><strong>de·</strong></span> 
     </span>
     <span class='ocr_line' id='line_1_22' title="bbox 215 2471 1190 2557; baseline -0.002 -22"><span class='ocrx_word' id='word_1_163' title='bbox 215 2493 328 2535; x_wconf 86' lang='lat' dir='ltr'><strong>mersae</strong></span> <span class='ocrx_word' id='word_1_164' title='bbox 349 2486 474 2535; x_wconf 87' lang='lat' dir='ltr'><strong>ceterae.</strong></span> <span class='ocrx_word' id='word_1_165' title='bbox 508 2473 593 2536; x_wconf 80' lang='lat' dir='ltr'><strong>Alius</strong></span> <span class='ocrx_word' id='word_1_166' title='bbox 627 2495 748 2557; x_wconf 87' lang='lat' dir='ltr'><strong>quoque</strong></span> <span class='ocrx_word' id='word_1_167' title='bbox 778 2475 884 2535; x_wconf 89' lang='lat' dir='ltr'><strong>consul</strong></span> <span class='ocrx_word' id='word_1_168' title='bbox 919 2474 1039 2534; x_wconf 85' lang='lat' dir='ltr'><strong>classem</strong></span> <span class='ocrx_word' id='word_1_169' title='bbox 1070 2494 1144 2533; x_wconf 89' lang='lat' dir='ltr'><strong>nau·</strong></span> <span class='ocrx_word' id='word_1_170' title='bbox 1186 2471 1190 2474; x_wconf 74' lang='grc'><strong><em>’</em></strong></span> 
     </span>
     <span class='ocr_line' id='line_1_23' title="bbox 214 2579 1143 2663; baseline -0.001 -23"><span class='ocrx_word' id='word_1_171' title='bbox 214 2580 309 2663; x_wconf 70' lang='lat' dir='ltr'><strong>{ragio</strong></span> <span class='ocrx_word' id='word_1_172' title='bbox 330 2582 448 2655; x_wconf 85' lang='lat' dir='ltr'><strong>amisit,</strong></span> <span class='ocrx_word' id='word_1_173' title='bbox 481 2581 644 2643; x_wconf 85' lang='lat' dir='ltr'><strong>exercitum</strong></span> <span class='ocrx_word' id='word_1_174' title='bbox 664 2593 765 2642; x_wconf 86' lang='lat' dir='ltr'><strong>tamen</strong></span> <span class='ocrx_word' id='word_1_175' title='bbox 783 2581 896 2642; x_wconf 79' lang='lat' dir='ltr'><strong>salvum</strong></span> <span class='ocrx_word' id='word_1_176' title='bbox 918 2579 1046 2654; x_wconf 84' lang='lat' dir='ltr'><strong>habuit,</strong></span> <span class='ocrx_word' id='word_1_177' title='bbox 1073 2580 1143 2662; x_wconf 90' lang='lat' dir='ltr'><strong>qnia</strong></span> 
     </span>
    </p>
   </div>
   <div class='ocr_carea' id='block_1_5' title="bbox 19 2687 1231 3414">
    <p class='ocr_par' dir='ltr' id='par_1_8' title="bbox 19 2687 1231 3414">
     <span class='ocr_line' id='line_1_24' title="bbox 91 2687 530 2750; baseline 0.002 -1"><span class='ocrx_word' id='word_1_178' title='bbox 91 2728 96 2734; x_wconf 84' lang='lat'>·</span> <span class='ocrx_word' id='word_1_179' title='bbox 215 2687 316 2748; x_wconf 81' lang='lat' dir='ltr'><strong>vicina·</strong></span> <span class='ocrx_word' id='word_1_180' title='bbox 328 2689 417 2749; x_wconf 85' lang='lat' dir='ltr'><strong>litora</strong></span> <span class='ocrx_word' id='word_1_181' title='bbox 435 2700 530 2750; x_wconf 87' lang='lat' dir='ltr'><strong>erant.</strong></span> 
     </span>
     <span class='ocr_line' id='line_1_25' title="bbox 130 2780 1144 2878; baseline 0 -24"><span class='ocrx_word' id='word_1_182' title='bbox 130 2824 200 2869; x_wconf 49' lang='lat' dir='ltr'><strong>gu,</strong></span> <span class='ocrx_word' id='word_1_183' title='bbox 255 2790 346 2875; x_wconf 86' lang='lat' dir='ltr'><strong>Cap.</strong></span> <span class='ocrx_word' id='word_1_184' title='bbox 368 2796 493 2855; x_wconf 83' lang='lat' dir='ltr'>XXVII.</span> <span class='ocrx_word' id='word_1_185' title='bbox 518 2794 646 2878; x_wconf 75' lang='lat' dir='ltr'><strong>(XVI.)</strong></span> <span class='ocrx_word' id='word_1_186' title='bbox 666 2793 701 2858; x_wconf 84' lang='lat' dir='ltr'><strong>C.</strong></span> <span class='ocrx_word' id='word_1_187' title='bbox 721 2780 841 2855; x_wconf 82' lang='lat' dir='ltr'><strong>Lutatio</strong></span> <span class='ocrx_word' id='word_1_188' title='bbox 859 2791 988 2867; x_wconf 87' lang='lat' dir='ltr'><strong>Catulo,</strong></span> <span class='ocrx_word' id='word_1_189' title='bbox 1013 2794 1051 2856; x_wconf 84' lang='lat' dir='ltr'><strong>A·</strong></span> <span class='ocrx_word' id='word_1_190' title='bbox 1072 2794 1144 2854; x_wconf 86' lang='lat' dir='ltr'><strong>Pos-</strong></span> 
     </span>
     <span class='ocr_line' id='line_1_26' title="bbox 19 2883 1142 2972; baseline -0.004 -8"><span class='ocrx_word' id='word_1_191' title='bbox 19 2909 24 2914; x_wconf 56' lang='grc'><strong>’</strong></span> <span class='ocrx_word' id='word_1_192' title='bbox 104 2889 202 2956; x_wconf 73' lang='grc'><strong>,510</strong></span> <span class='ocrx_word' id='word_1_193' title='bbox 216 2901 310 2963; x_wconf 74' lang='lat' dir='ltr'><strong>amn</strong></span> <span class='ocrx_word' id='word_1_194' title='bbox 328 2901 439 2964; x_wconf 66' lang='lat' dir='ltr'><strong>nisano</strong></span> <span class='ocrx_word' id='word_1_195' title='bbox 469 2916 551 2964; x_wconf 79' lang='lat' dir='ltr'><strong>coss.</strong></span> <span class='ocrx_word' id='word_1_196' title='bbox 584 2900 1004 2972; x_wconf 63' lang='lat' dir='ltr'><strong>montecassino,</strong></span> <span class='ocrx_word' id='word_1_197' title='bbox 1034 2883 1142 2961; x_wconf 72' lang='lat' dir='ltr'><strong>&#39;cano</strong></span> 
     </span>
     <span class='ocr_line' id='line_1_27' title="bbox 215 3001 1231 3075; baseline -0.008 -2"><span class='ocrx_word' id='word_1_198' title='bbox 215 3008 326 3075; x_wconf 83' lang='lat' dir='ltr'><strong>bellum</strong></span> <span class='ocrx_word' id='word_1_199' title='bbox 348 3021 453 3071; x_wconf 86' lang='lat' dir='ltr'><strong>contra</strong></span> <span class='ocrx_word' id='word_1_200' title='bbox 474 3011 565 3073; x_wconf 80' lang='lat' dir='ltr'><strong>Afros</strong></span> <span class='ocrx_word' id='word_1_201' title='bbox 592 3009 784 3072; x_wconf 89' lang='lat' dir='ltr'><strong>commissum</strong></span> <span class='ocrx_word' id='word_1_202' title='bbox 818 3020 871 3070; x_wconf 81' lang='lat' dir='ltr'><strong>est.</strong></span> <span class='ocrx_word' id='word_1_203' title='bbox 904 3008 1061 3067; x_wconf 87' lang='lat' dir='ltr'><strong>Profectus</strong></span> <span class='ocrx_word' id='word_1_204' title='bbox 1098 3001 1148 3067; x_wconf 82' lang='lat' dir='ltr'><strong>est&#39;</strong></span> <span class='ocrx_word' id='word_1_205' title='bbox 1227 3049 1231 3058; x_wconf 75' lang='grc'>.</span> 
     </span>
     <span class='ocr_line' id='line_1_28' title="bbox 136 3113 1143 3194; baseline -0.012 -9"><span class='ocrx_word' id='word_1_206' title='bbox 136 3158 139 3165; x_wconf 94' lang='grc'>-</span> <span class='ocrx_word' id='word_1_207' title='bbox 214 3143 283 3184; x_wconf 88' lang='lat' dir='ltr'><strong>cum</strong></span> <span class='ocrx_word' id='word_1_208' title='bbox 301 3134 358 3182; x_wconf 78' lang='lat' dir='ltr'><strong>occ</strong></span> <span class='ocrx_word' id='word_1_209' title='bbox 375 3119 499 3181; x_wconf 84' lang='lat' dir='ltr'><strong>navibus</strong></span> <span class='ocrx_word' id='word_1_210' title='bbox 520 3118 552 3179; x_wconf 90' lang='lat' dir='ltr'><strong>in</strong></span> <span class='ocrx_word' id='word_1_211' title='bbox 572 3117 713 3180; x_wconf 84' lang='lat' dir='ltr'><strong>Siciliam.</strong></span> <span class='ocrx_word' id='word_1_212' title='bbox 733 3116 926 3179; x_wconf 75' lang='lat' dir='ltr'><strong>Afri-contra</strong></span> <span class='ocrx_word' id='word_1_213' title='bbox 950 3113 1047 3194; x_wconf 83' lang='lat' dir='ltr'><strong>ipsum</strong></span> <span class='ocrx_word' id='word_1_214' title='bbox 1067 3127 1143 3174; x_wconf 80' lang='lat' dir='ltr'><strong>cccc</strong></span> 
     </span>
     <span class='ocr_line' id='line_1_29' title="bbox 214 3207 1143 3313; baseline -0.01 -23"><span class='ocrx_word' id='word_1_215' title='bbox 214 3239 405 3313; x_wconf 86' lang='lat' dir='ltr'><strong>paraverunt.</strong></span> <span class='ocrx_word' id='word_1_216' title='bbox 425 3227 587 3312; x_wconf 83' lang='lat' dir='ltr'><strong>Nunquam</strong></span> <span class='ocrx_word' id='word_1_217' title='bbox 606 3224 639 3284; x_wconf 90' lang='lat' dir='ltr'><strong>in</strong></span> <span class='ocrx_word' id='word_1_218' title='bbox 658 3225 735 3285; x_wconf 86' lang='lat' dir='ltr'><strong>mari</strong></span> <span class='ocrx_word' id='word_1_219' title='bbox 754 3207 845 3283; x_wconf 81' lang='lat' dir='ltr'><strong>tantis</strong></span> <span class='ocrx_word' id='word_1_220' title='bbox 864 3220 956 3301; x_wconf 89' lang='lat' dir='ltr'><strong>copiis</strong></span> <span class='ocrx_word' id='word_1_221' title='bbox 977 3232 1143 3302; x_wconf 86' lang='lat' dir='ltr'><strong>pugnatum</strong></span> 
     </span>
     <span class='ocr_line' id='line_1_30' title="bbox 212 3327 1142 3414; baseline -0.011 -15"><span class='ocrx_word' id='word_1_222' title='bbox 212 3347 266 3399; x_wconf 87' lang='lat' dir='ltr'><strong>est.</strong></span> <span class='ocrx_word' id='word_1_223' title='bbox 288 3336 423 3399; x_wconf 84' lang='lat' dir='ltr'><strong>Lutatius</strong></span> <span class='ocrx_word' id='word_1_224' title='bbox 446 3333 571 3400; x_wconf 85' lang='lat' dir='ltr'><strong>Catulus</strong></span> <span class='ocrx_word' id='word_1_225' title='bbox 592 3352 698 3395; x_wconf 81' lang='lat' dir='ltr'><strong>navem</strong></span> <span class='ocrx_word' id='word_1_226' title='bbox 725 3330 813 3414; x_wconf 75' lang='lat' dir='ltr'><strong>aeger</strong></span> <span class='ocrx_word' id='word_1_227' title='bbox 831 3327 1007 3402; x_wconf 82' lang='lat' dir='ltr'><strong>adscendit;</strong></span> <span class='ocrx_word' id='word_1_228' title='bbox 1039 3329 1142 3391; x_wconf 83' lang='lat' dir='ltr'><strong>vulne·</strong></span> 
     </span>
    </p>
   </div>
   <div class='ocr_carea' id='block_1_6' title="bbox 0 0 1314 4017">
    <p class='ocr_par' dir='ltr' id='par_1_9' title="bbox 0 0 1314 4017">
     <span class='ocr_line' id='line_1_31' title="bbox 0 0 1314 4017; baseline 0 1"><span class='ocrx_word' id='word_1_229' title='bbox 0 0 1314 4017; x_wconf 95' lang='lat' dir='ltr'><strong> </strong></span> 
     </span>
    </p>
   </div>
  </div>
 </body>
</html>
