2617 4017
476 259 637 320 LIBER
665 260 701 318 ll.
1009 260 1052 318 15

124 426 233 485 fuerat.
265 425 373 485 Postea
391 422 538 486 Samnites
571 421 643 484 victi
662 433 733 482 sunt
752 422 821 482 aL.
842 421 962 503 Papirio
983 442 1054 482 corr·

124 532 214 604 sulee
235 543 348 612 septem
366 529 456 592 millia
473 549 577 592 eorum
598 530 684 591 sub
675 551 778 612 iugum
797 516 894 589 missa.
916 527 1096 609 PapiriusA.
1102 550 1134 595 o.

122 640 161 701 de
176 638 358 701 Samnitibus
378 638 582 720 triumphavit.
612 639 659 700 Eo
678 649 813 719 tempore
830 637 946 719 Appius
966 634 1054 697 Clau·
1067 611 1136 676 434

124 748 191 808 dius
205 767 313 807 censor
327 747 442 827 Aquam
456 733 610 807 Claudiam
627 744 765 819 induxit,
785 757 816 807 et
834 746 910 807 vium
926 746 1052 827 Appiam

123 853 240 915 stravit.
257 854 405 915 Samnites
421 866 590 934 ,reparato
610 852 712 927 bete,
740 854 781 930 Q.
807 853 938 914 Fabium
961 852 1054 913 Maxi·
1067 867 1133 912 AA.

124 980 206 1020 mum
226 959 386 1033 vicerunt,
405 960 502 1021 tribus
521 960 652 1021 millibus
673 960 827 1021 hominum
846 960 963 1023 occisis.
983 953 1108 1023 Pus-¹
1066 929 1134 992 4¹²

123 1078 195 1139 tea,
215 1081 387 1150 cumpater
407 1091 435 1130 er
425 1068 563 1130 Fabius
583 1067 730 1130 Maximus
750 1067 863 1150 legatus
884 1068 968 1128 datus
982 1068 1054 1128 luis·
1066 1027 1134 1151 203

121 1186 192 1249 set,
211 1188 242 1237 et
260 1177 406 1239 Samnitas
425 1174 522 1251 vicit,
543 1183 575 1237 et
592 1178 721 1258 plurima
741 1196 846 1238 eorum
876 1171 1017 1258 oppida
1006 1197 1053 1236 ee-

122 1281 180 1363 pit.
214 1281 331 1344 Deinde
363 1269 398 1345 P.
428 1281 587 1346 Cornelius
617 1286 771 1357 Rufinus,
790 1282 908 1344 Manius
944 1281 1052 1345 Curius

13 1399 17 1418 ⁹
121 1389 292 1463 Dentatus,
311 1390 399 1452 ambo
419 1406 501 1455 COSS.
524 1403 629 1454 eontra
648 1391 795 1454 Samnitas
816 1390 920 1463 missi,
947 1391 1053 1473 ingen·

121 1495 202 1556 tibus
222 1499 343 1579 proeliis
363 1519 414 1559 eos
430 1500 598 1562 coniecere.
618 1500 698 1561 Tum
718 1498 827 1582 bellum
848 1521 916 1560 eum
938 1498 1053 1560 Samni·

120 1604 202 1665 tibus
221 1627 275 1687 per
296 1628 390 1669 anuos
411 1630 520 1670 novem
539 1620 570 1670 et
587 1624 640 1669 ιιι.
661 1619 760 1669 aetum
779 1609 980 1681 sustuleruut;
1002 1629 1053 1666 ue·

123 1734 183 1793 que
203 1715 282 1776 ullus
302 1717 394 1776 hostis
413 1715 471 1774 suit
490 1715 571 1775 intra
590 1715 720 1787 ltaliam,
739 1715 791 1796 qui
811 1718 975 1776 Romanam
995 1716 1053 1774 vir·

52 1899 61 1907 ·
121 1833 220 1882 tutem
239 1821 330 1901 magis
351 1820 527 1902 fatigaverit.
699 1888 702 1894 ,

119 1925 256 2010 t.Cap
277 1929 315 1989 X.
336 1927 501 1989 luterieetis
521 1927 635 2011 aliquot
666 1928 772 2003 annis,
794 1926 903 1988 iterum
929 1949 961 1989 se
983 1928 1054 1990 Gal·
1067 1942 1132 1985 Amo

1067 2005 1134 2068 469

117 2032 220 2098 lorum
239 2036 343 2119 copiae
364 2050 470 2100 contra
491 2042 644 2101 Romanos
679 2038 785 2099 Tuscis
808 2036 1052 2116 Samnitibusque

121 2136 309 2240 iunxerunt3
342 2147 394 2207 sed
414 2169 482 2208 eum
500 2131 627 2208 Romam
645 2128 805 2207 tendereirt
819 2189 829 2220 ,
863 2142 954 2206 aCn.
974 2142 1050 2205 Cor·

120 2252 200 2314 nelio
219 2235 371 2316 Dolabella
390 2270 456 2314 coo.
477 2253 589 2316 deletae
609 2267 690 2317 sunt

42 2348 48 2355 ’
162 2359 258 2445 Cap.
279 2365 332 2424 XI
354 2363 462 2447 (Vl.)
491 2363 606 2424 Eodem
624 2360 978 2444 temporejlnreutinis‚
999 2358 1132 2440 quium

121 2470 232 2532 iamin
252 2472 356 2532 ultima
377 2472 458 2532 ltalia
478 2484 572 2546 sunt,
605 2471 716 2531 bellum
737 2469 884 2530 indictum
903 2480 970 2541 est,
998 2439 1189 2550 qui471

121 2579 223 2661 legatis
254 2578 489 2666 Romanorum
480 2579 627 2666 iniuriam,
649 2574 800 2636 fecissent.
821 2575 861 2635 Hi
880 2577 1051 2658 Pyrrhum,

120 2686 205 2781 Epiri
223 2707 347 2768 regem,
370 2698 474 2746 contra
492 2688 648 2768 itomanos
670 2682 812 2744 auxilium
836 2695 1050 2765 poposcerunt,

121 2795 172 2877 qui
192 2816 228 2855 ex
245 2814 365 2876 genere
361 2771 498 2855 Aehissis
531 2792 678 2878 originem
711 2791 856 2854 trahebat.
878 2794 905 2854 ls
925 2812 994 2852 mox
1013 2793 1050 2851 ad

119 2898 234 2971 ltaliam
255 2899 361 2973 veuit,
379 2911 504 2983 tumque
525 2903 655 2982 primum
676 2899 806 2961 Romani
821 2921 889 2960 eum
906 2911 1075 2961 transma-

118 3005 186 3065 rino
208 3005 293 3065 hoste
314 3006 541 3069 dimicaverunt.
570 3008 678 3069 Missus
700 3019 744 3070 est
764 2991 868 3071 contra
890 3031 958 3069 eum
979 3029 1049 3071 con·

113 3113 165 3173 sul
196 3113 230 3173 P.
248 3111 398 3176 'Valerius
430 3111 600 3190 Laevinus,
632 3117 709 3199 qui,
743 3140 812 3179 cum
845 3118 1047 3198 exploratores
1108 3173 1111 3180 ι

118 3220 227 3302 Ργιτιιὶ
247 3222 394 3303 cepisset,
424 3224 510 3286 iussit
529 3245 579 3286 eos
598 3246 654 3306 per
678 3236 772 3286 castra
805 3223 897 3295 duci,
931 3218 1047 3280 ostendi

120 3313 240 3389 omnem
273 3330 459 3406 exereitum,
485 3344 609 3416 tumque
630 3332 761 3408 diruitti,
779 3345 814 3393 ut
832 3327 1046 3393 renunciarent
1066 3333 1075 3339 “
