2617 4017
249 301 296 363 as
582 285 841 408 sorno-un

164 473 235 532 Mb,
250 461 375 527 Claudio
393 468 560 543 Marcello,
581 468 638 532 Cn.
657 468 800 532 Cornelio
824 472 965 555 Scipione
987 488 1069 536 coss.
1091 474 1185 538 Tunc

167 536 234 606 53⁰
250 573 408 636 Marcellus
428 596 496 636 cum
515 598 606 658 parva
624 600 716 638 manu
737 580 873 660 equitum
893 581 1066 660 dimicavit,
1087 595 1119 645 et
1137 605 1190 646 re·
1291 621 1292 632 .

251 703 317 763 gem
332 680 511 759 Gallorum,
532 686 748 749 virdomarum
763 689 908 763 nomine,
927 712 1019 751 manu
1036 712 1089 751 sua
1103 692 1188 753 occi·
1292 687 1293 720 r

252 791 306 855 dit.
326 792 433 854 Postea
454 815 523 855 cum
542 795 656 877 collega
674 796 809 878 ingentes
833 797 932 877 copias
954 795 1111 857 Gallorum
1131 819 1188 892 pe-

251 902 364 975 remit,
393 902 598 965 Mediolanum
633 904 832 989 expugnarit,
862 906 1005 989 grandem
1041 905 1185 987 praedam
1293 979 1294 992 ἦ

250 1011 380 1074 Romam
394 1012 518 1094 pertulit
531 1036 540 1087 3
562 1033 596 1084 ac
607 1014 795 1098 triumphans
810 1014 968 1076 Masculus
983 1015 1077 1096 spolia
1095 1014 1187 1089 Galli,
1293 997 1294 1058 ἕ

252 1116 347 1200 stipiti
366 1119 527 1202 imposita,
549 1122 681 1185 humeris
702 1125 762 1186 suis
780 1125 874 1188 vexit.
923 1158 926 1162 ·
1040 1125 1042 1128 ’

171 1295 237 1341 nu.
294 1279 386 1366 Cap.
422 1284 490 1346 Vll.
518 1285 563 1347 Μ.
595 1286 731 1348 Minucio
751 1288 859 1361 Ruso,
881 1288 917 1347 P.
939 1283 1083 1348 Cornelio
1101 1299 1185 1346 0088.

171 1358 337 1453 531istris
370 1392 483 1470 bellurn
513 1394 628 1456 illatum
654 1406 723 1469 est,
759 1394 828 1477 quia
860 1393 1030 1455 latrocinati
1062 1392 1189 1452 navibus

254 1500 463 1564 Romanorum
499 1502 621 1564 fuerant
633 1547 644 1577 ,
678 1523 755 1585 quae
787 1503 939 1564 frumenta
983 1500 1189 1575 exhibebant,

81 1597 87 1603 l
172 1631 238 1675 no.
256 1606 475 1693 perdomitique
492 1624 563 1674 sunt
583 1632 699 1674 omnes.
722 1610 822 1698 (ill.)
842 1593 957 1674 Eodem
977 1632 1057 1672 anno
1076 1608 1190 1670 bellurn

173 1694 240 1759 534
256 1718 404 1780 Punicum
427 1718 592 1781 seeundum
619 1720 763 1781 Romanis
794 1719 910 1781 illatum
935 1731 981 1782 est
1001 1741 1055 1803 per
1073 1714 1193 1778 Hanni·

258 1826 379 1900 halem,
401 1824 693 1909 Carthaginiensium
713 1803 819 1889 ducem
830 1873 840 1901 ‚
861 1807 914 1910 qui
934 1828 1102 1909 Saguntum
1119 1823 1192 1884 tiis·
1296 1819 1297 1828 ¹

258 1935 364 2017 pariae
392 1933 541 2008 civitatem
552 1980 565 2023 g,
582 1935 726 1998 Romanis
760 1935 907 2007 amicam,
942 1953 1118 2015 oppugnare
1140 1952 1193 2015 ag·

257 2064 376 2127 gressus
397 2055 462 2117 est,
484 2065 597 2110 annum
627 2065 716 2127 agens
747 2042 921 2103 vicesimum
938 2040 1063 2113 aetatis,
1095 2039 1194 2121 copiis

258 2152 445 2236 congregatis
480 2166 518 2215 cl.
555 2151 691 2213 millium.
730 2152 810 2212 Huic
841 2148 971 2212 Romani
1002 2170 1057 2232 per
1078 2149 1207 2242 legatos‘
1297 2237 1298 2244 ἵ

261 2260 544 2334 denunciaverunt,
565 2267 600 2321 u‘t
621 2235 700 2320 bello
714 2258 886 2321 abstineret.
909 2260 936 2320 Is
954 2259 1067 2342 legatos
1088 2242 1201 2346 admit-¹,

259 2382 324 2430 tere
342 2368 450 2431 noluit.
473 2369 604 2431 Romani
624 2367 713 2430 etiam
732 2364 942 2449 Carthaginem
970 2366 1117 2426 miserunt
1129 2406 1140 2436 ,
1157 2372 1197 2421 nt
1297 2377 1298 2438 j

260 2476 454 2548 mandaretur
485 2477 668 2552 Hannibali,
701 2498 741 2539 ne
762 2476 874 2538 bellum
894 2485 1000 2535 contra
1021 2472 1118 2533 socios
1140 2490 1201 2566 ¹³⁰⁶.

229 2633 232 2640 .
260 2586 324 2669 puli
345 2587 474 2649 Romani
496 2598 623 2670 gereret.
646 2587 731 2648 Dura
752 2605 898 2668 responsa
931 2605 948 2645 a
967 2579 1194 2665 Carthaginien·

261 2695 342 2758 sibus
360 2697 486 2772 reddita.
508 2696 666 2782 Saguntini
686 2695 799 2757 interea
820 2693 898 2754 fame
919 2692 993 2755 victi
1012 2702 1105 2766 sunt,
1125 2693 1197 2778 cap·

260 2805 345 2885 tique
362 2804 399 2864 ab
415 2805 584 2868 Hannibale
604 2803 717 2865 ultimis
736 2787 842 2886 poenis
862 2778 1046 2863 afficiuntur.

303 2937 394 3021 Cap.
414 2942 495 3002 Vlll.
517 2942 596 3004 Tum
617 2940 652 3002 P.
675 2937 834 3001 Cornelius
854 2938 955 3020 Scipio
975 2958 1044 2998 cum
1062 2932 1198 2998 exercitu

264 3047 296 3116 in
321 3037 495 3132 Hispaniam
515 3051 667 3134 proiectus
690 3063 754 3125 est,
775 3050 916 3113 Tiberius
947 3043 1142 3128 Sempronius
1163 3042 1199 3103 in

265 3155 416 3240 Siciliam3
438 3156 547 3219 bellum
569 3137 864 3244 Carthaginiensibus
878 3156 1026 3218 indictum
1046 3166 1099 3215 est.
1116 3135 1199 3236 (W.)

265 3268 437 3343 Hannibal,
470 3269 575 3332 relicto
613 3270 646 3332 in
676 3271 820 3354 Hispania
852 3269 946 3330 fratre
984 3264 1201 3358 Hasdrubale,

267 3382 453 3464 Pyrenaeum
475 3376 617 3453 transiit,
650 3379 766 3461 Alpes,
786 3376 884 3439 adhuc
905 3397 940 3438 ea
970 3386 1055 3457 parte
1079 3372 1173 3436 invias
1188 3359 1212 3447 ,⁴
