2617 4017
434 259 597 324 'trouu
629 264 683 322 tx.
735 336 739 339 Ἴ
987 261 1034 326 97
1134 320 1136 327 .

13 494 15 499 .
94 430 186 494 utin
220 430 301 493 cunia
327 432 449 516 clypeus
481 431 538 513 ipsi
562 451 670 492 aureus
685 474 695 505 ,
714 429 786 492 item
818 430 850 490 iu
881 429 1033 514 Capitolio

93 554 191 604 statua
212 538 301 609 aurea
318 553 497 623 poneretur.

134 678 229 763 Cap.
254 681 322 741 Xll.
343 697 527 754 Quturtutus
554 692 631 762 >post
651 701 721 740 eum
736 726 745 753 ,
760 676 883 741 ¹Claudii
915 680 1031 754 frater,

94 809 245 850 consensu
274 790 403 850 militum
434 792 599 872 imperator
621 793 733 852 electus
766 802 834 865 cst3
857 790 904 851 vir
924 789 1031 849 unicae

91 898 309 959 moderationis
331 910 361 958 et
383 899 549 972 civilitatis,
570 901 742 983 aequandus
756 900 859 973 fratri,
877 900 925 973 yel
946 918 1031 979 prae-

92 1007 265 1090 poncndus.
305 1004 465 1069 Couscusu
500 1022 622 1070 senatus
656 1010 820 1092 appellatus
852 1009 1027 1090 Augustus,

90 1117 221 1199 septimo
246 1117 361 1178 decimo
384 1118 432 1178 die
456 1094 574 1201 imperii
597 1119 713 1180 occisus
736 1130 791 1180 est.
894 1198 897 1201 ,

130 1253 226 1337 Cap.
248 1257 329 1316 Xlll.
351 1253 452 1339 (tx.)
472 1257 545 1318 Post
580 1278 648 1319 eum
670 1272 867 1319 AouEttauth
897 1259 1029 1340 susceplt

89 1364 275 1447 imperium,
294 1365 386 1427 Dacia
407 1364 534 1447 Ripensi
560 1366 727 1427 oriundust
748 1368 795 1429 vir
818 1367 850 1428 iu
865 1366 950 1428 'bello
974 1389 1029 1449 po·
1057 1438 1059 1441 ¹

88 1485 173 1546 tens,
197 1473 289 1535 animi
308 1487 411 1536 tamen
431 1475 598 1550 immodici,
620 1487 650 1536 et
673 1477 709 1536 ad
730 1477 936 1537 crudelitatem
956 1498 1028 1559 pro·

87 1582 261 1664 pensioris,
284 1584 395 1668 quique
418 1586 537 1645 Gothos
568 1585 773 1646 strenuissime
811 1586 894 1646 uicit.
917 1588 1106 1662 Roma-1250,

88 1714 159 1753 uam
180 1692 326 1755 ditionem
345 1693 382 1752 ad
403 1693 477 1752 fines
498 1692 640 1773 pristinos
660 1692 741 1753 varia
762 1693 911 1753 bellorum
932 1695 1025 1755 lelici-
1057 1688 1086 1740 it.

87 1814 150 1864 tate
181 1802 344 1877 revocavit.
371 1800 530 1881 Superavit
564 1799 597 1858 iu
621 1797 719 1859 Gallia
751 1800 906 1861 Tetricum
941 1804 1022 1884 apud
1037 1761 1102 1864 m

87 1908 290 1982 Catalaunos,
312 1909 377 1989 ipso
400 1908 523 1969 Tetrico
544 1908 693 1990 prodente
725 1911 888 1985 exercitum
909 1936 1019 1989 suum,

87 2019 173 2080 cuius
203 2018 336 2078 assiduas
371 2017 532 2079 seditiones
561 2019 642 2105 serre
679 2041 741 2081 uon
774 2033 913 2103 poteratt
946 2027 1020 2107 quiu

85 2127 174 2188 etiam
201 2147 256 2207 per
286 2127 386 2186 literas
403 2126 542 2187 ‘occultas
574 2127 772 2190 Aurelianum
790 2131 831 2191 ita
853 2131 950 2192 luerat
970 2134 1020 2194 dt·

83 2249 246 2318 precatus,
263 2246 299 2296 ut
318 2234 399 2296 iuter
418 2235 474 2295 ulia
494 2257 584 2298 versu
606 2238 773 2321 virgiliano
797 2252 955 2304 uteretur:

298 2431 386 2511 Eripe
405 2453 450 2492 me
470 2433 541 2509 dis„
561 2436 685 2510 inuicte„
705 2438 805 2500 malis.

94 2631 99 2634 ’
125 2624 288 2686 Zenobiam
311 2649 432 2710 quoque
443 2674 452 2703 ,
465 2653 569 2713 -quae,
591 2632 691 2693 occiso
708 2633 872 2703 Oileuatho
895 2636 1018 2711 marito,

85 2734 235 2827 orientem
254 2738 391 2812 tenebat,
412 2742 489 2801 haud
508 2742 598 2824 louge
617 2742 654 2803 ab
669 2743 833 2833 alutiothia
852 2744 917 2806 sine
936 2745 1018 2829 gravi
1028 2778 1061 2823 p,
1072 2779 1098 2823 ς,

85 2847 203 2926 proelio
219 2848 326 2930 repit,
348 2851 558 2933 ingressusque
583 2854 715 2913 ‘Romam
728 2899 737 2926 ,
752 2851 892 2913 ¹nobilem
913 2854 1019 2916 trium·
1051 2862 1080 2903 N·

84 2958 202 3038 pltum,
222 2960 306 3042 quasi
325 2973 467 3040 receptor
493 2960 632 3021 ¹Orientis
650 2961 911 3045 Occidentisque,
932 2965 992 3047 egit
1006 2924 1076 3040 ‚27
1079 2927 1100 2987 5

84 3086 209 3125 currum
230 3067 478 3148 praecedentibus
504 3068 635 3130 ’Tetrico
656 3081 687 3130 ct
702 3071 858 3146 Zenobiou
880 3074 933 3155 qui
952 3075 1016 3157 qui·

84 3173 152 3235 dem
177 3175 315 3237 Tetricus
339 3190 494 3240 corrector
512 3180 662 3241 Lucaniae
675 3191 784 3264 ‘postea
804 3182 880 3257 luit,
902 3206 936 3244 ac
956 3182 1016 3265 pri·

84 3289 168 3344 vatus
190 3284 353 3346 diutissime
374 3286 456 3349 vixit.
486 3287 618 3349 Zenobia
653 3303 753 3354 autem
785 3305 943 3375 posteros,
963 3295 1015 3376 qui

85 3392 181 3454 adhuc
202 3407 342 3468 manent,
367 3398 481 3459 Romae
503 3396 636 3482 reliquit.

901 3521 930 3585 9
