2617 4017
498 347 738 410 monum
859 429 862 434 Ι
1031 351 1076 418 57

144 511 297 582 inPonto
318 512 461 574 Lucullus
491 513 675 596 reliquerat,
697 535 769 575 cum
804 515 951 576 exercitus
970 529 1078 597 parte,

145 631 182 680 ut
200 610 339 703 regiones
358 621 450 683 victas
468 622 557 682 ctiam
573 624 781 685 Romanorum
800 633 969 697 tuerentur,
987 624 1080 708 negli-

146 740 254 810 genter
273 748 306 789 se
324 740 355 791 et
374 751 461 802 avare
495 743 639 813 agentes,
660 711 849 791 occasionem
880 730 990 798 iterum
1022 727 1080 794 Mi·
1165 726 1176 736 ”

147 836 271 908 tbridati
293 836 326 897 in
346 838 477 918 Pontum
512 827 701 919 irrumpendi
734 838 907 913 dederuut,
927 851 1018 921 atque
1038 839 1080 901 ita

147 940 258 1018 bellum
279 925 455 1007 renovatum
478 956 532 1006 est.
550 946 675 1007 Lucullo
698 947 814 1028 parenti
829 990 840 1020 ,
858 956 947 1028 capta
962 946 1079 1021 Nisibi,
1092 967 1163 1011 mn.

151 1062 256 1135 contra
275 1053 378 1112 Persas
401 1052 643 1133 expeditionem,
664 1074 818 1115 successor
839 1065 884 1115 est
902 1054 1017 1138 missus.
1095 1032 1162 1096 685

182 1158 240 1234 ,οε
253 1183 284 1242 p.
302 1162 342 1221 x.
362 1162 489 1249 (vlu.)
506 1162 592 1225 mser
613 1176 714 1225 sunm
731 1160 896 1237 Lucullus,
914 1139 1081 1248 quinne·

150 1269 271 1330 doniam
311 1270 557 1346 administrabat,
590 1273 688 1333 Bessis
721 1272 835 1354 primus
871 1273 1079 1335 Romanorum

149 1377 252 1439 intulit
271 1378 405 1451 bellum,
426 1391 514 1461 atque
539 1401 591 1441 eos
614 1380 731 1464 ingenti
763 1383 879 1463 proelio
912 1381 945 1442 in
964 1383 1080 1442 Haemo

148 1498 252 1549 monte
280 1487 453 1569 superavit:
477 1487 621 1570 oppidum
643 1469 866 1564 Uscudamam,
884 1488 966 1573 quod
997 1489 1081 1551 Bessi

150 1594 343 1670 habitabant,
366 1585 471 1658 eodem
490 1598 548 1670 die,
569 1618 630 1678 quo
652 1618 808 1678 aggressus
828 1610 892 1670 est,
912 1597 1007 1673 vicit;
1026 1593 1092 1657 (ia-¹

152 1703 243 1789 bylen
262 1706 362 1787 cepit3
381 1726 477 1784 usque
494 1703 666 1766 Danubium
686 1702 865 1782 penetravit.
886 1701 958 1763 lude
975 1702 1083 1762 multas
1121 1738 1127 1742 ·
1168 1743 1172 1766 t

152 1833 244 1893 supra
276 1813 407 1871 Pontum
441 1808 551 1890 positas
584 1808 718 1870 civitates
751 1829 905 1891 aggressus
941 1818 994 1869 est.
1022 1808 1085 1869 ldic

151 1916 346 2002 Apolloniam
364 1916 494 1991 evertit3
513 1914 654 1989 Calatia,
678 1916 939 1998 Parthenopolin,
957 1916 1085 1987 Tomos,

151 2026 313 2102 Histrum,
334 2023 530 2084 Burziaonem
549 2022 651 2105 cepit,
675 2024 814 2108 belloque
844 2025 1007 2101 conlecto,
1025 2026 1087 2087 Ro·
1196 2019 1200 2025 ’

49 2135 51 2139 ’
151 2131 470 2204 mamsediit.,An1bo
493 2145 593 2194 tamen
612 2133 896 2216 triumphaverunt:
920 2134 1086 2206 Lucullus,

76 2250 85 2260 “
153 2239 206 2320 qui
238 2253 344 2303 contra
373 2242 570 2302 Mithridaten
601 2254 811 2324 pugnaverat,
833 2240 941 2306 maiori
972 2241 1088 2323 gloria,

154 2368 223 2409 cum
240 2360 394 2411 tantorum
416 2331 581 2434 regnorum
598 2350 696 2413 victor
715 2350 851 2413 redisset.
941 2387 944 2394 ν

196 2458 287 2541 Cap.
306 2462 358 2520 xl.
379 2459 485 2544 (lx.)
508 2458 658 2522 Confecto
676 2458 756 2542 bello
790 2456 1010 2528 Macedonico,
1029 2477 1089 2515 ma·

157 2580 249 2642 nente
264 2581 269 2592 “
285 2568 513 2643 Mithridatico,
538 2566 620 2649 quod
636 2610 648 2641 ,
671 2565 831 2627 recedente
865 2564 1015 2638 Lucullo,
1035 2585 1089 2624 rex

157 2675 289 2739 collectis
313 2675 428 2737 auxiliis
446 2667 661 2757 reparaverat,
680 2675 791 2735 bellum
812 2685 971 2734 courteous
988 2683 1090 2734 ortum

158 2796 211 2859 est
237 2784 287 2846 Ad
304 2784 335 2845 id
352 2784 457 2846 missus
477 2783 623 2846 Caecilius
642 2783 792 2858 Metellus,
813 2781 984 2865 ingentibus
1004 2802 1092 2866 proe-
1104 2816 1175 2860 Μ,

158 2891 204 2953 liis
223 2892 303 2953 intra
328 2892 507 2953 triennium'
527 2912 647 2953 omnem
669 2892 855 2973 provinciam
872 2892 973 2973 cepit,
993 2893 1092 2976 appel·
1107 2880 1175 2942 633

159 2997 297 3082 latusque·
319 3009 363 3059 est
381 2998 536 3073 Creticus,
557 3013 645 3082 atque
667 3021 702 3061 ex
721 3021 756 3060 ea
774 2998 870 3060 insula
887 2984 1091 3089 triumphavit.
1197 3051 1200 3055 Α

159 3109 229 3187 Quo
249 3122 385 3189 tempore
404 3107 496 3192 Libya
517 3129 643 3189 quoque
660 3109 798 3169 Romano
817 3108 944 3190 imperio
956 3128 1018 3188 per
1034 3120 1093 3168 tes·
1105 3132 1177 3176 nn,

159 3230 325 3284 tenentum
354 3217 503 3299 Apionis,
524 3217 648 3298 quires
667 3214 731 3276 eius
751 3216 871 3287 luerat,
891 3211 1035 3284 accessit3
1060 3210 1092 3273 in
1107 3199 1177 3262 656

162 3349 221 3409 qua
239 3327 371 3387 inclutae
403 3326 536 3390 civitates
568 3337 678 3399 eraut,
698 3312 867 3398 Berenice,
885 3317 1043 3382 Ptolemais
1063 3330 1094 3378 et

76 3429 79 3434 ⁴
161 3433 289 3523 Cyrene.
326 3495 329 3503 ,
