2617 4017
244 246 296 319 96
561 248 843 317 ,ΕΠΤΒΟΡΙῚ

245 414 331 485 tione
363 414 492 479 rnilitum
521 415 700 480 interiectus
722 429 768 480 est
779 462 790 492 ,
813 411 895 498 quod
927 408 1183 495 Mogontiacum,

247 542 324 607 quae
347 521 489 589 adversus
510 544 583 584 eum
597 524 818 600 rebellaverat,
831 525 869 587 L.
890 522 1040 596 Aeliano,
1058 542 1109 583 res
1127 540 1185 582 uo·

247 651 299 695 vas
320 632 486 709 moliente,
504 634 701 716 diripiendam
719 634 868 697 militibus
885 631 1005 694 tradere·
1025 630 1180 717 noluisset.

247 740 322 803 Post
340 762 410 803 eum
434 742 570 818 Marius,
590 743 749 808 vilissimus
772 742 890 825 opifex,
912 760 1079 824 purpuram
1096 756 1181 823 acce·

186 903 190 909 .
248 852 318 935 pit,
338 863 369 913 et
385 850 518 913 seeundo
538 852 587 914 die
606 852 785 913 interfectus
805 863 860 914 est.
881 851 1058 912 Victorinus
1076 858 1179 930 postea

199 973 225 1047 ἰ
247 960 416 1023 Galliarum
434 961 549 1043 accepit
582 960 743 1043 imperium
752 1005 767 1037 ,
785 960 832 1021 vir
859 958 1103 1022 strenuissimus:
1127 953 1179 1017 sed

164 1054 172 1075 ⁷
209 1044 218 1079 ζ
248 1091 318 1132 cum
339 1069 448 1131 nimiae
468 1068 599 1130 libidinis
623 1079 716 1143 esset,
735 1080 766 1131 et
787 1068 976 1130 matrimonia
998 1067 1094 1129 aliena
1115 1046 1182 1125 corss

247 1189 422 1274 rumperet,
445 1177 629 1261 Agrippinae
650 1178 766 1251 occisus
800 1190 869 1253 est,
891 1177 1024 1238 actuario
1051 1172 1181 1257 quodam

247 1280 437 1348 machinante
462 1284 587 1363 dolum,
611 1282 729 1370 imperii
748 1287 795 1349 sui
814 1308 895 1347 anno
917 1283 1062 1346 secundo.

287 1451 380 1534 Cap.
415 1454 455 1514 X.
490 1452 570 1516 lluic
595 1452 738 1514 successit
772 1451 914 1514 Tetricus
942 1429 1065 1510 senatur
1079 1490 1089 1520 ,
1108 1442 1181 1525 qui,

247 1562 440 1644 Aquitaniam
471 1565 585 1624 honore
610 1562 754 1645 praesidis
787 1559 996 1622 administrans
1010 1592 1024 1631 ,·
1041 1554 1182 1615 absens'a

249 1671 393 1733 militibus
407 1673 571 1753 imperator
584 1672 696 1734 electus
710 1683 766 1745 est,
778 1680 809 1731 et
816 1668 896 1753 apud
909 1666 1098 1748 Burdigalam
1109 1684 1181 1745 pur·

158 1801 160 1804 ·
249 1801 356 1863 puram
379 1781 496 1843 sumsit:
510 1782 671 1843 seditiones
696 1782 803 1842 multas
816 1777 952 1863 militurn
967 1772 1107 1861 pertulitr
1122 1771 1183 1834 Sed

249 1888 322 1948 dum
333 1887 404 1952 haec
416 1890 448 1950 in
461 1889 559 1951 Gallia
571 1891 776 1973 gemtum-in
790 1887 916 1952 Oriente
927 1907 981 1968 per
991 1882 1184 1949 Odenatbum

245 1996 358 2073 ¹Persae
376 1996 447 2059 victi
461 2010 548 2058 sunt:
564 1999 686 2061 defensa
702 1990 805 2084 syria,
819 2007 939 2077 recepta
956 1974 1185 2081 Mesopotamia,
1246 2062 1250 2067 .

250 2125 347 2190 usque
367 2105 405 2166 ad
422 2103 648 2188 Ctesiphontem
668 2100 844 2168 Odenathus
865 2101 1051 2187 penetravitae

210 2310 213 2315 ·
292 2267 387 2351 Cap.
410 2271 462 2331 Xl.
483 2270 542 2345 lta,
573 2269 714 2333 Gallieno
751 2269 967 2353 rempublicam
1002 2267 1184 2340 deserente,

251 2378 424 2441 Romanurn
460 2380 617 2462 imperium
641 2380 674 2441 in
701 2379 864 2442 Occidente
897 2398 952 2460 per
984 2378 1186 2449 Postumum,

169 2508 235 2559 mc.
252 2486 308 2569 per
328 2487 519 2550 Odenatbum
539 2489 572 2551 in
594 2489 719 2563 Oriente
741 2499 891 2552 servatum
911 2497 965 2548 est.
988 2477 1186 2570 (vnttGat-

154 2612 157 2616 ’
186 2590 218 2639 ll·
252 2595 350 2659 lienus
371 2597 486 2697 intepea
506 2599 670 2662 Mediolani
692 2623 759 2661 curn
772 2596 936 2659 Valeriano
956 2595 1049 2656 fratre
1070 2593 1186 2669 occisus
1227 2526 1296 2641 s

168 2656 244 2722 26&
253 2717 298 2768 est
309 2750 320 2780 ,
341 2705 460 2792 imperii
478 2729 558 2770 auno
581 2731 686 2783 nono,
706 2723 918 2789 Ctnovtusque
941 2706 968 2767 ei
987 2702 1148 2799 successit,
1167 2722 1185 2763 a

254 2813 398 2877 militibus
419 2816 555 2891 electus,
579 2838 595 2877 a
615 2829 721 2878 senatu
743 2817 907 2899 appellatus
932 2806 1097 2897 Augustus.
1128 2796 1193 2874 ffie'

256 2921 374 2984 Gothos
389 2966 398 2997 ,
419 2924 580 3009 Illyricum·
594 2925 862 3007 Macedoniamque
883 2930 1060 2996 vastantes,
1072 2918 1189 3005 ingenti

170 3059 238 3109 M.
256 3031 373 3114 proelio
392 3031 477 3095 uicit.
499 3035 611 3097 Parcus
629 3035 682 3096 vir
698 3057 731 3097 ac
751 3035 928 3109 modestus,
949 3046 980 3096 et
1000 3030 1190 3105 iustitenar,

191 3143 222 3188 Ν·
254 3160 292 3202 ae
321 3138 506 3221 reipublicae
540 3144 689 3225 gerendae
723 3143 873 3204 idoneus:
904 3140 956 3224 qui
975 3152 1078 3201 tamen
1110 3138 1190 3199 intra

171 3203 241 3273 27⁰
256 3246 375 3330 imperii
396 3246 551 3311 biennium
572 3251 680 3314 morbo
711 3250 826 3314 interiit
837 3296 847 3326 ,
869 3264 900 3313 et
919 3250 1004 3313 divus
1025 3248 1188 3331 appellatus

257 3365 313 3419 ott·
333 3355 461 3423 Senum
482 3358 599 3444 ingenti
630 3382 706 3424 eum
732 3361 849 3445 bunore
876 3358 1056 3433 decoravit,
1074 3357 1190 3425 scilieet
