2617 4017
473 266 628 329 LIBER
658 265 711 326 IV.
1014 257 1060 324 37

127 435 159 484 et
177 423 247 486 Asia
266 423 443 499 recederet,
465 438 554 508 atque
570 427 650 488 intra
669 426 804 488 Taurum
823 445 855 486 se
873 423 1064 486 continerets

125 549 147 592 x
171 532 268 594 millia
279 534 461 596 talentorum
479 547 574 614 etlxx
593 536 712 598 obsides
746 535 924 617 praeheret:
945 533 1061 595 Hanni·

126 635 246 713 balem,
266 642 450 702 concitorem
472 642 560 717 belli,
578 644 711 707 dederet.
734 642 863 707 Eumeni
882 644 945 724 regi
967 642 1060 702 dona·

125 757 174 826 tae
194 759 266 807 sunt
286 768 398 819 ornnes„
406 750 496 811 Asiae
517 751 671 826 civitates,
692 773 765 834 quas
784 750 952 814 Antiochus
979 748 1058 809 bello

25 847 27 852 ⁵
126 856 321 937 perdiderat3
343 869 375 917 et
389 858 534 931 Rhodiis,
554 858 606 939 qui
627 858 769 918 auxilinm
789 855 932 919 Romanis
952 866 1058 917 contra

125 985 227 1046 regem
247 965 430 1027 Antiochum
452 943 605 1038 tulerant,
635 966 746 1027 multae
775 965 866 1025 urbes
899 982 1056 1024 concessae

125 1083 206 1133 sunt.
240 1072 341 1156 Scipio
361 1074 489 1136 Romam
513 1074 622 1146 rediit,
641 1073 759 1155 ingenti
778 1072 872 1154 gloria
892 1070 1057 1151 triumpha·

124 1180 188 1253 vit,
209 1200 319 1241 nomen
340 1193 369 1241 et
388 1180 467 1261 ipse,
488 1181 525 1242 ad
556 1182 755 1261 imitationem
777 1179 877 1242 fratris
901 1179 1054 1261 Asiagenis

72 1279 78 1288 ’
124 1286 298 1372 (Asiatici)
325 1288 441 1369 accepit
452 1335 462 1364 ‚
493 1289 563 1372 quia
583 1288 685 1352 Asiam
706 1287 841 1362 uicerat,
866 1287 944 1348 slent
961 1286 1055 1346 frater

123 1393 216 1474 ipsius
255 1407 380 1478 propter
412 1397 545 1460 Africam
583 1397 726 1460 domitam
750 1396 909 1459 Africanus
930 1392 1058 1475 appellu-

124 1501 222 1563 batur.

163 1667 255 1750 Cap.
281 1670 320 1730 V.
339 1670 450 1751 Spurio
470 1669 625 1731 Postumio
643 1670 775 1742 Albino,
794 1670 833 1744 Q.
851 1669 965 1729 Marcio
985 1668 1054 1728 Phi·
1066 1673 1137 1717 Ml·

122 1777 207 1859 lippo
229 1787 309 1837 coss.
331 1778 373 1835 M.
392 1776 515 1837 Fulvius
534 1777 571 1837 de
589 1791 718 1837 motis
736 1776 939 1858 triumphavit.
973 1777 1054 1837 llan-
1067 1737 1134 1799 ⁶66

121 1885 231 1957 nibal,
254 1884 306 1966 qni
326 1885 405 1947 victo
434 1860 669 1960 Antiocho„,⁸ne
689 1888 831 1948 Romanis
862 1886 1055 1960 traderetur,

122 1992 161 2053 ad
180 1992 326 2066 Prusiam,
344 1993 502 2077 Bithyniae
521 2015 633 2077 regem,
652 1995 780 2078 fugerat,
799 1994 944 2076 repetitus
967 1991 1053 2055 etiarn

121 2099 161 2161 ab
180 2121 216 2160 eo
235 2113 279 2161 est
296 2122 350 2182 per
368 2102 405 2161 T.
425 2101 602 2177 Quinctium
621 2103 844 2176 Flamininum,
864 2116 894 2162 et
911 2124 980 2162 cum
994 2113 1053 2162 tra·

121 2207 237 2268 dendus
269 2209 412 2270 Romanis
435 2222 530 2284 esset,
550 2231 702 2271 venenum
723 2211 824 2283 bibit,
846 2222 876 2271 et
903 2209 982 2290 apud
997 2211 1054 2294 Ly·

120 2314 228 2377 hissam
234 2360 244 2389 ,
264 2315 296 2376 in
317 2316 426 2377 finibus
449 2316 745 2394 Nicomediensium‘,
760 2318 897 2399 sepultus
918 2330 971 2378 est.

162 2449 214 2539 c'a
227 2501 257 2560 p.
277 2480 329 2552 vn
363 2480 440 2564 (m)
461 2480 599 2562 onioppo
618 2503 690 2564 rege
708 2481 901 2543 macedoniae
920 2462 1052 2551 mortui,

120 2586 175 2670 qui
195 2600 226 2647 et
246 2588 402 2648 adversum
422 2589 574 2648 Romanos
599 2587 709 2649 bellum
732 2599 878 2671 gesserat,
899 2600 930 2648 et
949 2601 1051 2670 postea

118 2694 263 2756 Ronianis
285 2705 390 2754 contra
427 2693 610 2756 Antiochum
639 2696 782 2757 auxilium
810 2694 938 2770 tulerat,
973 2698 1051 2759 filius

118 2798 184 2859 eins
206 2814 340 2859 PEnsEUs
360 2800 392 2858 in
414 2800 591 2863 Macedonia
612 2804 788 2881 rebellavit,
809 2806 980 2887 ingentibus
1002 2830 1052 2869 co·

116 2906 175 2989 piis
196 2907 231 2966 ad
254 2907 363 2982 bellum
386 2895 505 2988 paratis.
526 2913 602 2971 Nam
622 2914 773 2974 adiutores
795 2912 921 2973 habebat
940 2911 1050 2999 Cotyn,

116 3014 263 3075 Thraciae
298 3036 418 3097 regem,
442 3030 473 3077 et
492 3018 602 3102 Illyrici
614 3065 623 3093 ,
645 3020 790 3080 Gentium
823 3023 954 3082 nomine.
987 3024 1049 3084 lto-

115 3119 213 3179 manis
235 3132 333 3182 autem
351 3122 383 3183 in
404 3125 545 3184 auxilium
569 3140 654 3187 erant
674 3130 841 3203 Eumenes,
861 3130 949 3192 Asiae
972 3151 1046 3201 rex,

114 3225 288 3288 Ariarathes
302 3228 522 3312 Cappadociae,
537 3233 704 3297 Antiochus
724 3236 843 3321 Syriae,
859 3237 1044 3296 Ptolemaeus

117 3333 270 3418 Aegypti,
295 3338 460 3408 Masinissa,
473 3342 640 3409 Numidiae.
674 3346 792 3427 Prusias
813 3357 911 3407 autem
944 3345 1048 3425 Bithy·
1114 3381 1117 3384 ·

891 3436 914 3496 4
