2617 4017
251 314 298 378 44
590 312 845 377 BUTROPII

248 477 346 550 autes,
365 491 475 539 catara
495 492 713 541 marsicanus
736 478 847 542 bellum
863 475 1053 556 intulerunt,
1071 483 1102 541 et
1120 477 1180 544 Ar·

102 644 106 651 .
208 569 210 574 ⁵
243 605 411 648 ‘vernorum
442 595 516 647 tunc
549 585 751 646 nobilissimae
783 584 918 660 civitati,
947 596 1037 669 atque
1069 608 1178 648 eorum

248 692 318 753 duci
341 691 455 754 Bituito
469 736 478 765 ‚
492 692 703 778 infinitamque
738 692 961 755 multitudinem
992 694 1073 766 iuxta
1094 695 1179 756 Rho·

126 803 129 810 '
241 801 358 862 'danum
388 798 513 861 fluvium
547 799 775 859 interfecerunt.
804 798 917 859 Praeda
947 820 987 859 er
1014 797 1176 880 torquibus

210 975 213 982 ,
247 910 404 975 Gallorum
425 907 529 992 ingens
549 898 678 969 Romam
698 908 809 988 perlata
831 918 884 969 est.
913 907 1044 967 Bituitus
1064 927 1095 968 se
1114 907 1178 968 Dc·

161 1032 231 1077 nn.
245 1018 331 1084 mitio
364 1017 502 1093 dedidit,
522 1027 611 1100 atque
642 1017 680 1078 ab
711 1037 747 1077 εο
773 1016 900 1078 Romam
934 1013 1080 1076 deductus
1111 1025 1177 1087 est,

164 1095 231 1160 633
245 1145 410 1212 magnaque
428 1125 523 1207 gloria
547 1124 684 1185 consules
706 1123 794 1184 ambo
816 1122 1086 1204 triumphaverunt.

159 1306 229 1353 tu,
284 1288 380 1372 Cap.
401 1289 512 1350 xxltt.
531 1289 573 1349 M.
592 1287 701 1349 Porcio
722 1284 838 1348 Catone
858 1298 888 1348 et
905 1288 944 1363 Q.
959 1288 1072 1349 Marcio
1091 1289 1174 1370 Rege

132 1369 230 1436 ‘⁶34
244 1414 326 1461 coss.
361 1410 505 1457 ucxxxnr
536 1381 616 1457 anno
648 1393 685 1454 ab
705 1394 782 1455 urbe
818 1394 938 1455 condita
968 1394 1111 1470 Narbona
1141 1393 1174 1453 in

158 1538 227 1582 nu,
243 1506 340 1570 Gallia
361 1502 478 1566 colonia
500 1502 627 1563 deducta
662 1513 715 1562 est.
734 1502 840 1562 Postea
870 1502 1045 1566 Lutetetlo
1078 1512 1108 1562 et
1123 1500 1172 1576 Q.

159 1597 227 1665 535
241 1615 344 1678 MucIo
366 1609 507 1676 Scaevola
525 1623 607 1685 (2088.
630 1607 667 1669 de
684 1608 830 1669 Dalmatia
850 1610 1066 1690 triumphatum
1083 1621 1141 1693 est.

155 1800 225 1849 mu.
280 1783 373 1865 Cap.
395 1778 509 1842 XXIV.
530 1774 579 1837 Ab
608 1774 685 1836 urbe
717 1773 838 1835 condita
873 1794 952 1835 anno
983 1786 1112 1834 mcxxxv
1134 1770 1170 1856 C.

158 1863 225 1930 63⁸
239 1887 314 1954 Cato
337 1886 442 1950 consul
455 1882 619 1975 Scordiscis
638 1881 742 1943 intulit
760 1881 869 1943 bellum
879 1924 890 1953 ,
911 1880 1171 1962 ignominioseque

238 1995 392 2081 pugnavit.

153 2140 223 2185 mv.
276 2124 372 2208 Cap.
394 2125 493 2187 XXV.
521 2120 556 2186 C.
576 2122 707 2186 Caecilio
740 2121 861 2183 Metello
888 2132 919 2182 et
949 2117 1007 2181 Cn.
1027 2118 1169 2183 Carbone
1291 2111 1292 2114 ¹

154 2201 318 2297 639‘e0ss.
340 2234 401 2297 duo
419 2233 533 2296 Metelli
552 2234 660 2294 fratres
689 2230 793 2292 eode'm
811 2228 875 2302 die,
895 2218 1022 2318 alterum
1043 2250 1078 2290 ex
1101 2233 1169 2292 Sar·

237 2345 339 2420 dinia,
362 2344 489 2406 alterum
507 2364 543 2404 ex
560 2341 687 2403 Thracia
716 2338 901 2419 triumphum
920 2351 1068 2421 egerunt,
1091 2360 1168 2400 nun·

235 2452 402 2534 tiatumque
435 2452 549 2513 Romae
570 2461 616 2511 est
628 2493 638 2523 ,
660 2423 799 2510 Cimbros
822 2468 839 2508 c
863 2447 962 2509 Gallia
995 2448 1028 2508 in
1051 2446 1164 2516 lutiam
1209 2463 1211 2465 ’

234 2562 384 2623 transisse.

149 2748 218 2793 au.
272 2724 368 2807 Cap.
385 2724 501 2800 XXVI.
523 2721 631 2805 (XI.)
649 2721 683 2781 P.
701 2719 842 2801 Scipione
864 2719 972 2782 Nasica
993 2732 1023 2782 et
1041 2723 1076 2782 L.
1097 2719 1164 2784 Cal·

151 2810 344 2913 ⁶41purnio
380 2831 479 2893 Bestia
504 2845 586 2891 coss.
620 2844 824 2900 mouendae,
845 2828 1042 2890 Numidarum
1077 2829 1168 2912 regi,

233 2941 343 3003 bellum
361 2941 475 3000 illatum
496 2952 563 3013 est,
584 2936 666 3021 quod
683 2935 882 2997 Adherbalem
901 2947 931 2996 et
954 2935 1163 3016 Hiempsalem,

231 3053 373 3134 Micipsae
404 3050 500 3123 lilios,
522 3050 627 3109 iratres
664 3068 756 3120 suos,
775 3067 860 3128 reges
884 3059 912 3106 ct
934 3048 968 3106 P.
990 3047 1028 3106 R.
1050 3044 1161 3105 amieos

230 3160 439 3223 interemisset.
470 3157 576 3218 Missus
608 3154 748 3217 adversus
782 3175 850 3214 eum
882 3168 947 3213 COS.
978 3152 1159 3233 Calpurnius

229 3267 350 3342 Bestia,
374 3277 533 3348 corruptus
553 3265 638 3346 regis.
668 3264 795 3345 pecunia
810 3308 820 3335 ‚
837 3283 939 3342 pacem
963 3283 1031 3322 curu
1051 3283 1087 3322 eo
1107 3260 1160 3322 lla·

178 3405 185 3412 ·⁴
228 3377 446 3459 gitiosissimam
483 3374 556 3436 fecit
567 3418 577 3448 ‚
605 3392 680 3455 quae
714 3392 731 3432 a
764 3381 868 3431 senatu
900 3369 1067 3453 improbata
1102 3378 1156 3433 est.
