2617 4017
291 226 333 290 14
619 200 884 300 eu‘rnorrr

201 408 268 462 mu.
326 390 419 472 Cap.
440 393 506 452 Vll.
526 390 648 466 Latini,
670 392 721 473 qui
742 394 903 453 noluerant
922 392 1029 455 milites
1049 394 1129 468 dare,
1152 396 1211 458 hoe

200 472 268 534 4¹5
287 487 406 580 quoque
426 521 443 560 a
464 500 608 560 Romanis
641 500 757 581 exigere
781 513 968 581 coeperunt,
985 513 1020 561 ut
1037 524 1114 563 unus
1140 524 1213 564 con·

286 609 330 667 sul
351 629 386 669 ex
407 629 527 680 eorum,
546 607 620 667 alter
634 628 669 668 ex
684 608 890 669 Romanorum
911 611 1024 691 populo
1044 623 1208 672 crearetur.

285 707 375 792 Quod
396 738 464 777 cum
483 727 560 777 esset
580 726 740 797 negatum,
759 714 870 776 bellum
892 729 996 777 contra
1018 737 1068 798 eos
1090 737 1212 797 suseep-

283 836 346 883 tum
365 835 431 896 est,
456 836 486 883 et
507 823 621 904 ingenti
641 844 740 905 pugna
762 824 897 905 superati
927 835 1021 898 sunt3
1053 844 1088 885 ac
1106 824 1142 884 de
1162 823 1209 883 his

199 944 265 989 mo.
283 928 456 1011 perdomitis
486 930 703 1012 triumphatum
732 944 788 994 est.
821 932 942 993 Statirae
967 931 1138 992 consulibus
1168 928 1209 990 ob

199 1008 265 1071 4¹7
283 1035 421 1095 meritum
441 1026 584 1108 pictoriae
609 1038 642 1098 in
662 1039 778 1118 Rostris
813 1040 926 1120 positae
947 1051 1028 1101 sunt.
1062 1042 1106 1099 Eo
1127 1058 1207 1099 anno

283 1141 370 1202 etiam
402 1141 581 1206 Alexandria
614 1145 651 1207 ab
682 1146 853 1209 Alexandro
888 1146 1053 1210 Macedone
1087 1147 1207 1209 condita

190 1290 193 1306 ε
284 1265 337 1314 esl-

321 1418 414 1501 Cap.
437 1421 516 1480 Vlll.
538 1419 598 1480 lam
618 1420 748 1482 Romani
766 1431 904 1502 potentes
932 1441 993 1480 esse
1028 1431 1204 1500 coeperunt.
1252 1461 1253 1466 κ

281 1528 397 1588 Bellum
416 1528 494 1589 euim
517 1529 550 1589 in
569 1528 731 1589 centesimo
751 1540 782 1588 et
798 1527 949 1589 tricesimo
984 1528 1048 1588 lere
1067 1527 1206 1587 milliario

280 1636 359 1717 apud
379 1635 524 1698 Samnitas
548 1634 731 1718 gerebatur,
750 1635 803 1716 qui
818 1636 910 1696 medii
929 1648 999 1696 sunt
1022 1636 1101 1695 iuter
1123 1633 1209 1695 Pice·

187 1734 260 1805 Μ.
279 1759 372 1816 num,
403 1741 594 1827 Campaniam
616 1755 647 1804 et
664 1743 815 1826 Apuliam.
848 1744 883 1805 L.
921 1737 1057 1825 Papirius
1091 1740 1207 1802 Cursor

194 1821 262 1884 43⁰
279 1840 359 1910 cunav
380 1850 495 1911 honore
529 1850 681 1911 dictatoris
713 1849 749 1909 ad
770 1850 800 1910 id
819 1849 929 1910 bellum
960 1829 1113 1931 profectus
1148 1859 1205 1909 est.
1267 1859 1275 1864 “

279 1957 341 2032 Qui
359 1979 445 2017 cum.
459 1950 587 2020 Romam
607 1958 753 2032 redisset,
784 1959 823 2035 Q.
843 1957 936 2017 Fabio
960 1956 1111 2029 Maximo,
1144 1975 1206 2015 ma·

277 2067 370 2148 gistro
391 2067 524 2146 equitum
539 2111 549 2140 ‚
567 2085 656 2147 quem
677 2065 756 2146 apud
776 2066 938 2125 exercitum
957 2063 1096 2145 reliquit,
1119 2084 1206 2143 prae-

277 2172 374 2253 cepit,
395 2187 439 2234 ne'
452 2194 484 2234 se
498 2172 618 2234 ahsente
637 2184 796 2256 pugnaret.
811 2173 878 2246 llle,
897 2172 1054 2233 occasione
1072 2183 1206 2252 reperta,
1291 2251 1292 2257 ἵ

275 2282 443 2356 [dirissime
475 2281 625 2344 dimicavit
636 2305 646 2356 3
684 2294 714 2342 et
733 2275 879 2343 Samnitas
904 2280 1023 2342 delevit.
1045 2278 1093 2340 Ol)
1114 2302 1204 2361 quam

276 2410 339 2449 rem
359 2409 376 2448 a
395 2381 540 2450 dictatore
574 2388 680 2469 capitis
711 2388 887 2463 damnatus,
919 2387 1001 2470 quod
1031 2407 1062 2447 se
1081 2398 1204 2448 vetante

259 2499 456 2584 pugnasset,
475 2496 590 2579 ingenti
609 2499 711 2559 sarone
729 2495 857 2557 militum
882 2489 916 2556 et'
930 2494 1035 2576 populi
1059 2494 1204 2554 liberatus

273 2597 340 2685 esti
361 2593 582 2687 tanta'Papirio
601 2589 748 2666 seditione
781 2601 953 2677 commota,
972 2614 1008 2662 nt
1026 2623 1119 2684 paene
1138 2602 1205 2693 ipsp

258 2744 263 2757 ι
275 2703 506 2800 interliecietur.¹

191 2870 264 2946 mm]
312 2874 405 2957 Cap.
427 2876 480 2937 IX.
515 2857 623 2938 Postea
642 2875 788 2939 Samnites
817 2853 993 2956 Romanos,
1014 2877 1052 2936 T.
1072 2872 1203 2937 Veturio

190 2961 260 3024 433
273 2997 304 3045 et
321 2961 375 3064 Sp.
407 2986 562 3062 Postumio
585 3000 674 3064 coss.
701 2984 780 3066 apud
798 2985 943 3047 Furculas
975 2982 1124 3046 Caudinas
1151 3004 1205 3044 an·

260 3089 376 3173 ,gustiis
396 3093 531 3166 locorum
552 3095 727 3178 conclusos,
741 3092 857 3176 ingenti
877 3092 1023 3154 dedecore
1043 3092 1204 3164 vicerunt,

273 3201 378 3268 etsub
396 3197 499 3284 ingu'm
518 3200 675 3275 miseruut.
695 3202 755 3264 Pax
773 3213 874 3262 tamen
893 3210 1027 3260 asenatu
1044 3211 1074 3260 et
1085 3199 1201 3279 populo

273 3314 370 3377 soluta
391 3320 435 3372 est
449 3331 556 3392 „quae
576 3330 642 3373 cnm
660 3311 733 3392 ipsis
747 3322 879 3393 ‘propter
898 3308 1103 3371 necessitatem
1122 3306 1201 3368 sacta
