2617 4017
159 251 163 258 -
251 216 299 277 as
580 216 841 309 nunnonn

253 379 290 444 de
311 378 442 440 exercitu
462 381 637 445 Hannibalis
661 385 811 446 sauciatur
824 365 838 458 ς’
854 385 937 446 nullo
950 397 1052 445 tamen
1064 382 1184 447 Punico

252 489 330 549 bello
349 490 479 551 Romani
500 491 618 573 gravius
642 493 757 574 accepti
774 507 853 554 sunt.
878 494 970 555 Periit
993 494 1125 555 enimin
1145 514 1185 554 eo

252 596 396 658 Aemilius
417 597 538 659 Paullus
559 577 665 660 consul
671 645 681 673 ,
703 601 873 660 consulares
895 612 947 661 aut
965 602 1108 683 praetorii
1122 618 1186 677 xx,

150 727 156 731 ·
252 717 404 770 senatores
429 707 507 787 capti
527 707 691 776 antoecisi
710 723 798 781 xxx,
820 708 933 770 nobiles
953 710 1018 771 uiri
1036 724 1109 784 cce,
1129 712 1186 771 nri-

252 815 339 878 litum
359 830 400 874 xx
422 815 534 888 millia,
565 814 700 897 equitum
723 830 759 877 111
780 815 872 898 millia
904 827 934 876 et
955 819 1123 900 quingenti.
1147 820 1185 879 In

253 919 362 1005 quibus
385 925 467 984 malis
489 946 576 985 nemo
599 936 700 985 tamen
724 925 931 986 Romanorum
953 925 1033 1006 pacis
1057 927 1186 988 mentoi⁴

153 1083 158 1086 .
240 1053 325 1116 inam
355 1032 463 1117 habire
483 1033 620 1116 dignatus
635 1045 691 1093 est.
709 1034 816 1107 Servi,
836 1033 919 1116 quod
937 1053 1090 1114 nunquam
1107 1044 1188 1105 ante,

252 1142 424 1203 manumissi
443 1154 474 1205 et
490 1142 597 1204 milites
615 1141 687 1202 facti
708 1154 788 1203 sunt.
967 1127 972 1136 ¹
1056 1128 1059 1134 ‚

293 1306 387 1390 Cap.
406 1307 459 1368 XI.
483 1308 579 1392 (vt.)
599 1310 674 1370 Post
695 1330 759 1371 eam
782 1328 913 1393 pugnam
947 1311 1058 1372 multae
1083 1312 1187 1375 ltaliae

252 1414 412 1489 ¹civitates,
443 1438 519 1497 quae
547 1397 691 1477 Romanis
719 1430 883 1498 paruerant
895 1440 955 1492 ,ise
975 1420 1011 1478 ad
1034 1420 1189 1481 Hanniba·

254 1524 312 1584 lem
331 1526 561 1585 transtulerunt.
579 1526 729 1587 Hannibal
751 1527 896 1588 Romanis
920 1526 1049 1602 obtulit,
1066 1540 1101 1590 ut
1118 1549 1189 1609 cap·
1295 1531 1296 1608 ζ

254 1635 341 1720 linos·
362 1633 568 1709 redimerent3
600 1625 838 1717 responsumque
873 1646 918 1695 est
939 1657 954 1695 a
978 1648 1105 1710 senatu,
1133 1657 1186 1698 eos
1295 1615 1296 1630 ¹

257 1743 335 1804 cives
357 1762 420 1803 non
439 1764 501 1804 esse
526 1743 731 1819 necessarIos,
763 1741 835 1826 qui,
854 1764 923 1805 cum
944 1744 1049 1805 armati
1067 1756 1191 1816 essent,

257 1849 323 1931 capi
344 1850 522 1932 potuissent.
557 1852 608 1913 llle
629 1872 736 1912 omnes
766 1861 869 1932 postea
906 1850 997 1915 variis
1032 1850 1187 1933 suppliciis

256 1939 427 2033 interiecit,
444 1971 475 2020 et
489 1970 551 2021 tres
574 1959 692 2021 modios
717 1980 878 2021 aureorum
900 1958 1081 2018 annulorum
1104 1956 1192 2036 ¹Car·

256 2065 407 2148 thaginem
423 2065 514 2141 misit,
536 2087 643 2149 quosve
658 2068 795 2129 manibus
814 2066 948 2149 equitum
969 2067 1190 2143 Romanorum,
1250 2111 1252 2113 -

257 2185 430 2234 senatorum
453 2186 484 2235 et
501 2175 629 2235 militum
648 2175 826 2238 detraxerat.
846 2176 963 2236 Interea
982 2173 1013 2233 iu
1034 2171 1192 2254 Hispania,
1295 2187 1296 2250 j

221 2287 228 2342 f
257 2280 310 2342 ubi
321 2281 414 2343 frater
427 2282 603 2345 Hannibalis
619 2283 788 2344 Hasdrubal
801 2293 985 2346 remanserat
997 2303 1064 2342 cum
1079 2302 1190 2363 magno
1295 2313 1296 2358 γ

165 2417 176 2462 ,·
258 2391 410 2465 exercitu,
443 2403 477 2451 ut
498 2413 562 2452 earn
594 2402 693 2454 totanr
716 2391 797 2453 Afris
816 2391 992 2472 subigeret,
1024 2412 1041 2451 a
1071 2387 1209 2474 duobus
1295 2449 1296 2458 ,

223 2493 224 2496 “
256 2499 468 2583 Scipionibus,
497 2499 643 2562 Romanis
665 2499 815 2573 ducibus,
846 2496 1001 2574 vincitur,
1031 2499 1191 2581 perditque

257 2609 410 2695 inpugna
429 2624 519 2671 xxxv
538 2599 629 2670 millia
658 2608 825 2670 hominum.
857 2610 902 2672 Er
920 2608 965 2668 bis
986 2608 1146 2690 capiuntur
1166 2622 1192 2668 x

171 2787 177 2812 ⁹
257 2718 371 2792 millia,
394 2719 573 2779 occiduntur
598 2719 674 2781 xxv.
695 2717 861 2778 Mittuntur
881 2716 908 2775 ei
929 2738 945 2775 a
965 2704 1193 2796 Carthaginien·

241 2825 340 2898 „sibus
361 2827 397 2885 ad
417 2825 597 2908 reparandas
617 2827 696 2888 vires
717 2842 763 2886 ΧΠ
781 2823 874 2885 lnillia
894 2821 1028 2906 peditum
1039 2870 1051 2898 ,
1072 2839 1106 2884 lv
1124 2820 1193 2882 mil·

167 3009 171 3014 μ
193 3003 196 3006 ¹
258 2931 297 3001 lia
321 2934 454 3015 equitum
467 2982 476 3010 ,
489 2938 541 2997 ‘xx
563 2934 724 3020 elephanti.
745 2938 748 2943 ’

175 3119 244 3164 ab.
303 3096 393 3181 Cap·
426 3101 492 3162 x11.
528 3100 640 3188 (Vll.)
672 3101 763 3164 Anno
785 3112 893 3183 quarto
923 3110 991 3181 post
1005 3145 1014 3173 ,
1046 3118 1135 3180 quam
1158 3097 1192 3157 in
1230 3119 1233 3130 ¹

180 3181 245 3246 537
261 3209 371 3270 ltaliam
391 3208 540 3270 Hannibal
572 3210 657 3294 venit
669 3255 679 3284 ,
698 3209 742 3270 M.
761 3205 902 3269 Claudius
936 3206 1093 3267 Marcellus
1124 3220 1190 3265 cos.

262 3324 339 3408 apud
359 3323 492 3394 Nolam,
513 3317 662 3383 civitatem
683 3316 888 3400 Campaniae,
911 3329 1016 3378 contra
1040 3315 1194 3377 Hanniba·
