2617 4017
255 254 301 322 76
587 249 859 334 ιιιιιιοιιι
897 202 899 207 ,

250 422 287 483 -in
301 423 496 485 Britanniam
515 425 645 498 missus,
663 423 764 485 tricies
780 420 896 497 :cubis
916 444 985 484 cum
1018 405 1198 486 nesteron·

248 531 386 607 llixerit,
410 533 483 594 duas
517 533 712 595 validissimas
734 545 838 615 gentes
855 549 932 608 „xx
954 529 1088 615 oppida,
1109 532 1195 605 insu·

250 641 312 704 lam
332 644 477 716 Vectem,
500 643 675 705 Britanniae
696 644 883 723 proximam,
904 642 1032 724 imperio
1044 645 1194 726 'Romano
1237 652 1243 663 ⁰

254 753 406 815 adiecerit.
432 755 546 815 Romae
565 772 597 813 se
614 740 652 815 ins
668 750 795 833 imperio
819 751 1055 813 moderatissime
1076 752 1167 835 gessit
1183 777 1193 815 a

245 862 398 942 pecuniae
416 873 535 921 tantum
556 862 672 922 avidior
694 863 766 934 suit,
781 861 827 922 'ita
848 873 961 924 utcanr
985 861 1060 925 nulli
1079 858 1192 924 iniuste

253 971 408 1044 aulea-reu
433 990 522 1053 quam
543 990 613 1030 cum
637 972 720 1030 omni
745 969 925 1053 diligentiae
936 969 1108 1051 provisione
1126 972 1190 1033 col·

211 1088 216 1095 '
252 1078 379 1162 ligaret,
404 1092 506 1141 tamen
541 1079 758 1141 studiosissime
792 1078 995 1161 largiebatur,
1028 1066 1190 1164 praecipue

201 1185 225 1213 ⁵
245 1186 466 1269 indigentibus.
486 1189 551 1249 Nec
567 1188 654 1248 sacile
672 1199 741 1247 ante
762 1209 831 1247 eum
851 1188 1025 1269 cuiusquam
1043 1188 1189 1270 principis

250 1296 302 1358 rel·
324 1297 420 1357 maior
440 1310 484 1357 est
498 1298 667 1359 vliberalitas
697 1286 870 1379 comperta,
888 1298 935 1360 vel
954 1298 1073 1360 iustior.
1094 1298 1191 1359 Placi-

247 1407 390 1477 ‚dissimae
412 1405 562 1479 lenitatis,
579 1406 685 1487 utqui
705 1405 864 1467 maiestatis
888 1428 1011 1489 quoque
1030 1419 1137 1468 contra
1154 1422 1188 1469 'se

247 1536 320 1581 reos
344 1530 407 1575 non
425 1515 516 1577 facile
534 1516 662 1598 puniret
674 1515 754 1576 ultra
774 1514 868 1576 exsilii
890 1530 1027 1598 poenam.
1046 1512 1110 1576 Sub
1128 1492 1189 1577 hoc

171 1612 359 1750 lNCdudaca
383 1626 522 1686 Romano
561 1623 685 1684 accessit
720 1623 873 1705 imperio,
882 1636 926 1685 et
957 1613 1189 1710 Hierosolyma,

117 1708 226 1836 7Νο
244 1755 327 1815 quae
346 1733 405 1793 suit
425 1733 498 1794 urbs
518 1731 703 1795 nobilissIma
725 1732 917 1795 Palaestinae.
946 1733 1109 1806 Achaiam,
1128 1735 1187 1816 Ly·
1221 1749 1224 1752 ’

243 1844 348 1916 dam,
369 1843 534 1917 lllmdum,
556 1844 756 1927 Bjaantium,
786 1845 944 1917 Samum,
964 1864 1063 1926 quae
1059 1834 1185 1906 liberae

241 1961 319 2015 ante
342 1950 398 2010 hor
418 1962 537 2031 tempus
558 1951 701 2017 fuerant:
692 1954 796 2017 ·itcm
819 1932 1002 2026 Thraciam,
1021 1952 1182 2027 Ciliciam,

248 2058 496 2144 Commagenen,
515 2082 592 2143 quae
612 2061 670 2122 suh
690 2063 810 2145 regibus
846 2062 945 2129 amieis
980 2074 1105 2144 egerant
1119 2058 1138 2137 ,ζ
1151 2063 1185 2123 ἰιι

248 2171 472 2252 provinciarum
491 2171 618 2231 sormam
639 2171 767 2253 redegit.

246 2437 261 2451 f
287 2364 380 2448 Cap.
406 2366 474 2426 XX.
500 2362 694 2445 Offensarum
718 2378 748 2428 et
767 2366 993 2453 inimicitiarum
1021 2364 1184 2444 immemor

162 2450 166 2457 Δ
246 2473 323 2534 snit:
346 2475 481 2536 convicia
503 2494 519 2536 a
538 2474 694 2537 causidicis
718 2487 749 2535 et
770 2463 985 2558 philosophis
976 2497 1009 2534 ιιι
1032 2495 1064 2533 se
1083 2473 1184 2546 dieta,

168 2570 175 2617 ·’
243 2554 354 2675 leniter
374 2586 464 2645 tulit:
488 2586 612 2667 diligens
633 2597 736 2651 tamen
756 2583 906 2644 coercitor
931 2583 1106 2677 discipliuae
1125 2579 1183 2639 mi·

243 2668 349 2780 literis.
369 2695 427 2755 llic
452 2717 526 2772 cum
541 2695 612 2754 Tito
635 2695 697 2754 filio
718 2692 755 2756 de
777 2682 994 2778 Hierosolymis
1014 2689 1183 2772 triumpha·

246 2804 299 2861 vit.
320 2803 379 2862 Per
400 2774 471 2863 llaec
491 2825 560 2863 eum
579 2802 696 2862 senatui
715 2814 745 2861 et
764 2801 902 2883 populo,
923 2813 1077 2882 postremo
1105 2823 1183 2891 cun·

240 2909 300 2970 'ctis
322 2910 454 2972 amabilis
475 2933 508 2972 ac
531 2889 682 2972 iucundus
704 2921 805 2984 esset,
822 2909 973 2993 profluvio
994 2908 1107 3001 uentris
1130 2933 1183 2970 ex-

242 3018 370 3099 stinctus
406 3021 506 3082 estin·
523 3021 592 3083 villa
612 3023 757 3103 propria,
778 3021 874 3092 eirca,
890 3002 1041 3093 Sabinos,
1065 3040 1181 3078 aunum

244 3126 347 3189 aetatis
372 3149 460 3209 agens
479 3131 693 3214 sexagesimum
720 3151 858 3202 nonum,
875 3127 995 3208 imperii
1016 3149 1132 3187 nonum
1152 3139 1184 3189 et
1228 3155 1233 3161 ·

245 3239 323 3298 diem
346 3237 529 3319 septimum:
549 3249 639 3319 atque
663 3237 744 3297 inter
768 3238 852 3297 divos
871 3237 982 3296 relatus
1002 3232 1069 3296 cst.¹
1085 3234 1184 3295 Geni·

245 3358 344 3409 turam
364 3346 495 3409 filiorum
517 3344 559 3407 ita
584 3345 735 3427 cognitam
758 3345 884 3424 habuit,
904 3355 960 3418 ut,
978 3342 1051 3405 cum
1068 3342 1182 3405 multae
