2617 4017
250 232 299 301 as
497 191 499 196 ⁵
587 225 847 294 uurnoru

250 402 296 455 est
316 413 333 452 a
354 387 389 453 C.
410 389 533 463 Mario,
560 390 613 471 qui
633 388 727 450 sexies
749 386 855 450 consul
891 385 1010 458 luerat,
1032 395 1063 444 et
1084 404 1101 444 a
1122 382 1183 447 Cn.

250 497 415 580 Pompeio,
438 499 563 559 maxime
593 510 695 558 tamen
729 497 802 555 al..
824 474 967 556 Cornelio
1003 492 1109 564 Sulla,
1129 494 1186 575 qni

250 600 331 665 inter
351 602 408 664 alia
422 605 539 687 egregia
557 603 597 665 ita
616 601 814 677 Cluentium,
833 601 963 661 hostium
982 599 1099 672 ducem,
1113 620 1185 678 eum

250 710 364 797 magnis
384 713 477 794 copiis
496 712 573 790 sudit
584 756 594 786 ‚
614 723 650 771 ut
670 732 706 771 ex
727 709 789 770 suis
806 730 902 770 unum
923 707 1081 798 amitteret.
1103 707 1188 783 Qua·

252 820 411 895 driennio,
435 837 503 881 eum
540 819 623 902 gravi
643 830 744 879 tamen
778 815 964 887 calamitate,
984 814 1042 873 hoc
1071 812 1184 873 bellum

251 939 381 989 tractum
407 939 460 988 est.
480 927 597 1003 Quinto
619 926 739 987 demum
759 945 839 986 anno
871 925 962 984 finem
996 921 1109 1002 accepit
1129 941 1185 1001 per

251 1033 285 1096 L.
306 1031 480 1095 Cornelium
504 1022 615 1094 Sullam
635 1031 812 1104 consulem,
831 1052 898 1092 cnm
915 1041 1002 1090 antea
1024 1030 1055 1089 in
1076 1030 1183 1090 eode‘m

251 1139 331 1202 bello
356 1139 419 1223 ipse
439 1141 532 1201 multa
552 1152 697 1215 strenue,
717 1140 769 1201 sed
787 1152 909 1223 praetor
929 1138 1046 1221 egisset.

169 1324 238 1369 aar.
294 1301 385 1385 Cap.
407 1305 457 1363 ΙΙΙ.
479 1303 581 1391 (ΙΙΙ.)
599 1304 691 1367 Anno
714 1304 797 1365 urhis
829 1303 966 1365 conditae
998 1318 1103 1363 nctxu
1122 1302 1185 1384 pri·

171 1388 241 1452 ⁶64
254 1431 336 1474 mum
366 1412 480 1472 Romae
503 1408 614 1470 bellum
644 1424 748 1470 etvmr:
776 1423 960 1471 commotum
994 1423 1060 1471 est:
1080 1411 1186 1471 eodem

152 1521 155 1532 “
254 1539 334 1578 anno
368 1518 457 1577 etiam
490 1516 737 1579 Mithridaticum.
770 1515 896 1580 Causam
933 1519 1010 1580 bello
1040 1516 1118 1578 civili
1148 1514 1186 1577 C.

253 1625 365 1686 Marius
383 1624 475 1685 sexies
498 1637 562 1684 cos.
586 1624 676 1685 dedit.
698 1627 774 1686 Nam
794 1607 862 1687 cum
884 1629 965 1692 Sulla
986 1628 1089 1689 consul
1111 1646 1186 1685 con·

251 1744 299 1793 tra
313 1732 514 1792 Mithridatem
531 1743 667 1814 gesturus
681 1732 800 1808 bellum,
815 1735 866 1818 qui
880 1735 981 1797 Asiam
996 1747 1027 1795 et
1040 1731 1183 1795 Achaiam

254 1851 473 1921 occupaverat,
493 1838 684 1911 mitteretur,
699 1838 785 1921 isque
800 1843 961 1903 exercitum
976 1843 1008 1901 in
1022 1839 1185 1921 Campania

244 1945 415 2028 'paullisper
444 1957 585 2020 teneret,
605 1958 641 2006 ut
675 1946 744 2008 belli
767 1950 912 2022 Sociahs,
932 1929 994 2028 (de
1018 1968 1079 2028 quo
1112 1947 1187 2006 diri·

253 2057 347 2139 mus)
386 2053 468 2135 quod
498 2053 576 2112 intra
612 2053 725 2113 Italiam
755 2064 871 2135 gestum
902 2053 1022 2126 suerat,
1040 2054 1187 2133 reliquiae

252 2162 456 2249 tollerentur3
479 2162 591 2222 Marius
630 2158 803 2235 affectavit,
833 2174 869 2222 ut
907 2162 969 2240 ipse
1004 2162 1041 2221 ad
1074 2160 1188 2222 bellum
1225 2229 1228 2234 ,

253 2269 488 2331 Mithridaticum
520 2268 700 2328 mitteretur.
723 2267 791 2342 Qua
823 2288 857 2326 re
879 2269 959 2334 Sulla
992 2279 1184 2341 commotus,

254 2396 323 2436 cum
344 2374 477 2438 exercitu
497 2375 533 2435 ad
553 2375 661 2436 urbem
680 2377 771 2438 venit.
792 2375 854 2434 Illic
877 2388 984 2437 contra
1004 2377 1133 2436 Marium
1154 2386 1186 2436 et

254 2482 419 2565 Sulpicium
442 2482 599 2542 dimicavit.
618 2483 736 2543 Primus
770 2482 877 2543 urbem
907 2484 1034 2545 Romam
1055 2496 1184 2545 armatus

253 2568 403 2672 ingre'ssus
424 2601 486 2663 est,
506 2590 672 2671 Sulpicium
704 2589 881 2665 interfecit,
905 2592 1033 2652 Marium
1052 2592 1164 2674 fugavit
1174 2635 1185 2663 ,

244 2707 343 2786 ‚atque
377 2697 419 2757 ita
450 2712 530 2760 coss.
565 2697 709 2759 ordinatis
745 2699 777 2759 in
801 2699 938 2761 futurum
973 2722 1107 2773 annum,
1124 2696 1182 2760 Cn.

171 2851 239 2896 m·
255 2801 378 2867 Octavio
414 2816 444 2865 et
462 2806 495 2865 L.
527 2804 670 2867 Cornelio
692 2804 813 2880 Cinna,
838 2808 874 2867 ad
896 2808 997 2869 Asiam
1030 2808 1184 2890 profectus

172 2916 239 2979 665
256 2922 308 2972 est.

295 3071 387 3158 Cap.
422 3078 459 3137 V.
494 3078 682 3139 Mithridates
720 3077 798 3138 enim
813 3122 823 3151 ‚
841 3077 892 3160 qui
913 3065 1003 3138 Ponti
1023 3097 1077 3135 rex
1097 3085 1188 3148 erat,

255 3196 343 3268 atque
366 3185 541 3246 Armeniam
563 3187 711 3246 minorem
743 3197 773 3247 et
792 3197 890 3246 totum
923 3183 1082 3244 Ponticum
1104 3205 1187 3244 mare

253 3295 286 3355 in
306 3293 435 3382 circuitu
454 3315 522 3356 cum
540 3296 679 3374 Bosporo
699 3293 842 3368 tenebat,
861 3294 958 3375 primo
978 3290 1185 3373 Nicomedem,
