2617 4017
468 277 623 342 LIBER
651 277 693 339 X·
990 288 1054 347 111

119 441 283 528 egregius
303 440 379 505 nibil
398 443 590 524 occasionum
608 443 874 526 praetermittens,
898 463 959 528 qno
983 465 1060 528 opu.

119 551 264 618 lentiores
285 573 337 617 eos
356 549 559 637 clarioresque
579 564 756 635 praestaret.

162 716 257 802 Cap.
279 719 361 783 VIII.
380 718 489 781 Multas
509 717 588 802 leges
602 717 738 801 rogavit,
758 719 900 802 quasdam
921 740 957 781 ex
975 718 1058 801 bono

126 826 169 894 ee·
189 848 311 912 aequo,
331 828 488 910 plerasque
522 825 711 908 superfluas,
732 828 892 888 nonnullas
927 849 1056 889 severas.
1073 853 1101 899 1².
1112 852 1142 901 c,

69 1008 72 1013 ¹
122 933 302 1018 Primusque
324 934 445 996 urbem,
464 936 593 995 nominis
613 936 661 995 sui
691 936 727 996 ad
755 947 874 997 tantum
907 935 1058 1025 fastigium
1092 935 1124 979 Ν·

121 1043 252 1109 evehere
271 1043 394 1105 molitus
412 1054 479 1118 est,
497 1056 533 1105 ut
553 1046 669 1105 Romae
688 1045 838 1105 aemulum
855 1044 1142 1141 faceret.BeI·1,·c·

120 1153 190 1215 tun
210 1140 351 1214 adversus
381 1151 511 1213 Parthos
545 1153 698 1227 moliens,
717 1138 782 1236 qui·
795 1151 855 1213 iam
890 1152 1060 1233 Mesopota·
1091 1177 1122 1220 tt.

122 1260 218 1324 niam
239 1260 427 1343 fatigabant,
442 1283 505 1321 uno
525 1272 556 1322 et
575 1261 730 1344 trigesimo
752 1282 833 1322 anno
852 1259 994 1342 imperii,
1013 1282 1061 1323 ae·
1073 1238 1140 1304 337

120 1366 194 1429 tatis
212 1379 296 1427 sexto
315 1379 346 1428 et
364 1369 569 1450 sexagesimo,
588 1369 782 1431 Nicomediae
802 1372 835 1431 in
851 1370 922 1432 vilia
939 1367 1060 1451 publica

124 1472 212 1536 obiit.
232 1475 418 1537 Denuntiata
440 1498 520 1538 mors
540 1479 604 1540 eius
627 1480 717 1540 etiam
734 1501 790 1562 per
819 1479 958 1541 crinitam
991 1478 1062 1539 stel-

121 1582 212 1656 lam,
229 1604 305 1665 quae
324 1583 484 1645 inusitatae
500 1585 715 1668 magnitudinis
754 1587 937 1668 aliquamdiu
956 1587 1060 1649 saisita

123 1712 192 1754 eam
213 1691 325 1754 Gracci
342 1695 463 1768 κομήτην
478 1705 612 1757 vocant:
633 1705 723 1777 atque
743 1694 825 1755 inter
844 1694 928 1758 divos
950 1696 1061 1757 meruit

124 1800 250 1862 referri.

167 1968 265 2051 Cap.
284 1969 338 2030 lx.
359 1967 452 2054 (V.)
473 1969 667 2030 successores
680 1966 756 2043 filios
775 1977 836 2057 tres
855 1967 998 2049 reliquit,
1019 1981 1061 2027 at·

125 2072 188 2163 que
209 2102 319 2140 uuum‘
333 2079 433 2139 fratris
468 2077 573 2140 filium.
605 2079 721 2138 Veruin
740 2091 923 2138 nstitutus
951 2074 1061 2136 Caesar

123 2189 330 2273 prosperrima
365 2186 492 2262 indole,
512 2207 608 2270 neque
643 2198 752 2267 patruo
791 2185 957 2259 absimilis,
981 2184 1059 2245 haud
1075 2191 1145 2236 EC·-

123 2296 222 2357 multo
246 2306 315 2377 post
336 2315 494 2376 oppressus
525 2307 570 2356 est
591 2295 722 2356 factione
754 2293 895 2368 militari,
917 2305 947 2355 et
980 2291 1060 2354 Con·
1074 2274 1142 2398 3¹33

125 2405 261 2480 stantio,
283 2403 416 2486 patruele
436 2423 517 2479 suo,
537 2404 653 2465 sinente
672 2402 795 2483 potius,
817 2424 905 2484 quam
926 2401 1059 2463 iubente.

122 2524 364 2572 nonsummum
397 2532 513 2593 porro,
547 2511 633 2573 fratri
663 2512 774 2573 bellum
805 2511 985 2572 inferentem
997 2555 1007 2583 ,
1031 2522 1061 2571 et

126 2618 208 2701 apud
241 2618 410 2701 Aquileiam
444 2618 644 2680 inconsultius
683 2618 832 2702 proelium
866 2641 1058 2703 aggressum,
1075 2641 1139 2687 Μ,

124 2722 300 2789 Constantis
323 2728 413 2789 duces
433 2716 663 2790 interemerunt.
688 2712 730 2790 Ita
750 2727 917 2809 respublica
934 2727 970 2787 ad
985 2727 1059 2787 duos
1076 2725 1147 2851 3³20

116 2831 280 2918 Augustos
316 2836 449 2899 redacta.
484 2853 669 2899 consumis
708 2837 869 2919 imperium
902 2848 1059 2896 strenuum

125 2943 311 3026 aliquamdiu
345 2959 375 3009 et
395 2948 508 3008 iustum
537 2948 618 3023 fuit3
639 2969 709 3008 mox
744 2969 813 3008 cum
838 2957 871 3006 et
888 2944 1061 3007 valetudine

122 3048 312 3133 improspera
332 3066 364 3115 et
383 3057 485 3118 amieis
507 3056 696 3138 pravioribus
719 3066 882 3127 uteretur,
905 3052 942 3114 ad
961 3051 1062 3137 gravia
1107 3084 1112 3091 ·

123 3154 197 3217 vtua
218 3148 395 3237 conterens,
418 3183 486 3225 eum
509 3164 706 3226 intolerabilis
728 3164 983 3246 provincialibus,
1004 3159 1061 3218 mi.
1076 3151 1129 3275 P}

124 3265 227 3326 litibus
249 3268 432 3335 iniucundus
461 3285 558 3347 esset,
579 3271 711 3334 factione
744 3272 911 3356 Magnentii
941 3268 1057 3330 occisus
1095 3311 1124 3354 N

121 3383 177 3436 est.
212 3372 296 3438 Obiit
328 3377 410 3442 baud
438 3379 531 3467 longe
563 3383 600 3447 ab
624 3374 777 3466 Hispaniis
801 3385 833 3444 in
860 3390 986 3449 castro,
1005 3372 1146 3447 *cuitoo
