<?xml version="1.0" encoding="UTF-8"?>
<!DOCTYPE html PUBLIC "-//W3C//DTD XHTML 1.0 Transitional//EN"
    "http://www.w3.org/TR/xhtml1/DTD/xhtml1-transitional.dtd">
<html xmlns="http://www.w3.org/1999/xhtml" xml:lang="en" lang="en">
 <head>
  <title>
</title>
<meta http-equiv="Content-Type" content="text/html;charset=utf-8" />
  <meta name='ocr-system' content='tesseract 3.04.00' />
  <meta name='ocr-capabilities' content='ocr_page ocr_carea ocr_par ocr_line ocrx_word'/>
</head>
<body>
  <div class='ocr_page' id='page_1' title='image "./eutropiibreviar03eutrgoog_0067.png"; bbox 0 0 2617 4017; ppageno 0'>
   <div class='ocr_carea' id='block_1_1' title="bbox 458 214 1049 303">
    <p class='ocr_par' dir='ltr' id='par_1_1' title="bbox 458 214 1049 303">
     <span class='ocr_line' id='line_1_1' title="bbox 458 214 1049 303; baseline -0.007 -9"><span class='ocrx_word' id='word_1_1' title='bbox 458 231 618 294; x_wconf 77' lang='lat' dir='ltr'><strong>clueo</strong></span> <span class='ocrx_word' id='word_1_2' title='bbox 649 231 719 291; x_wconf 76' lang='lat' dir='ltr'><strong>vu·</strong></span> <span class='ocrx_word' id='word_1_3' title='bbox 1004 214 1049 303; x_wconf 62' lang='grc' dir='ltr'><strong>ιι</strong></span> 
     </span>
    </p>
   </div>
   <div class='ocr_carea' id='block_1_2' title="bbox 115 388 1136 479">
    <p class='ocr_par' dir='ltr' id='par_1_2' title="bbox 115 388 1136 479">
     <span class='ocr_line' id='line_1_2' title="bbox 115 388 1136 479; baseline 0.002 -18"><span class='ocrx_word' id='word_1_4' title='bbox 115 395 175 461; x_wconf 86' lang='lat' dir='ltr'><strong>Cn.</strong></span> <span class='ocrx_word' id='word_1_5' title='bbox 209 394 346 479; x_wconf 87' lang='lat' dir='ltr'><strong>Pompeii</strong></span> <span class='ocrx_word' id='word_1_6' title='bbox 373 394 482 479; x_wconf 68' lang='lat' dir='ltr'><strong>,Magni</strong></span> <span class='ocrx_word' id='word_1_7' title='bbox 516 396 549 456; x_wconf 88' lang='lat' dir='ltr'><strong>iu</strong></span> <span class='ocrx_word' id='word_1_8' title='bbox 578 388 737 456; x_wconf 76' lang='lat' dir='ltr'><strong>consulatu</strong></span> <span class='ocrx_word' id='word_1_9' title='bbox 770 391 903 458; x_wconf 85' lang='lat' dir='ltr'><strong>seeundo</strong></span> <span class='ocrx_word' id='word_1_10' title='bbox 915 441 926 470; x_wconf 90' lang='lat'><strong>,</strong></span> <span class='ocrx_word' id='word_1_11' title='bbox 946 411 1136 474; x_wconf 60' lang='lat' dir='ltr'><strong>contram,</strong></span> 
     </span>
    </p>
   </div>
   <div class='ocr_carea' id='block_1_3' title="bbox 114 495 1245 589">
    <p class='ocr_par' dir='ltr' id='par_1_3' title="bbox 114 495 1245 589">
     <span class='ocr_line' id='line_1_3' title="bbox 114 495 1245 589; baseline -0.009 -19"><span class='ocrx_word' id='word_1_12' title='bbox 114 507 241 570; x_wconf 77' lang='lat' dir='ltr'><strong>Parthos</strong></span> <span class='ocrx_word' id='word_1_13' title='bbox 261 506 368 566; x_wconf 88' lang='lat' dir='ltr'><strong>missus</strong></span> <span class='ocrx_word' id='word_1_14' title='bbox 387 516 432 566; x_wconf 85' lang='lat' dir='ltr'><strong>est</strong></span> <span class='ocrx_word' id='word_1_15' title='bbox 441 548 452 579; x_wconf 93' lang='lat'><strong>,</strong></span> <span class='ocrx_word' id='word_1_16' title='bbox 470 498 503 567; x_wconf 83' lang='lat' dir='ltr'><strong>et&#39;</strong></span> <span class='ocrx_word' id='word_1_17' title='bbox 517 526 586 589; x_wconf 86' lang='lat' dir='ltr'><strong>cum</strong></span> <span class='ocrx_word' id='word_1_18' title='bbox 600 501 681 564; x_wconf 85' lang='lat' dir='ltr'><strong>circa</strong></span> <span class='ocrx_word' id='word_1_19' title='bbox 696 500 804 564; x_wconf 88' lang='lat' dir='ltr'><strong>Carras</strong></span> <span class='ocrx_word' id='word_1_20' title='bbox 824 515 931 563; x_wconf 87' lang='lat' dir='ltr'><strong>eontra</strong></span> <span class='ocrx_word' id='word_1_21' title='bbox 952 504 1053 566; x_wconf 85' lang='lat' dir='ltr'><strong>omina</strong></span> <span class='ocrx_word' id='word_1_22' title='bbox 1069 495 1139 562; x_wconf 81' lang='lat'><strong>699</strong></span> <span class='ocrx_word' id='word_1_23' title='bbox 1240 550 1245 555; x_wconf 75' lang='grc'><em>,</em></span> 
     </span>
    </p>
   </div>
   <div class='ocr_carea' id='block_1_4' title="bbox 60 610 1067 1323">
    <p class='ocr_par' dir='ltr' id='par_1_4' title="bbox 60 610 1067 1323">
     <span class='ocr_line' id='line_1_4' title="bbox 77 610 1054 698; baseline -0.006 -19"><span class='ocrx_word' id='word_1_24' title='bbox 77 627 78 630; x_wconf 75' lang='grc'>’</span> <span class='ocrx_word' id='word_1_25' title='bbox 116 628 148 679; x_wconf 89' lang='lat' dir='ltr'><strong>et</strong></span> <span class='ocrx_word' id='word_1_26' title='bbox 167 615 297 698; x_wconf 87' lang='lat' dir='ltr'><strong>auspicia</strong></span> <span class='ocrx_word' id='word_1_27' title='bbox 316 613 509 687; x_wconf 82' lang='lat' dir='ltr'><strong>dimicasset,</strong></span> <span class='ocrx_word' id='word_1_28' title='bbox 530 633 547 673; x_wconf 88' lang='lat' dir='ltr'><strong>a</strong></span> <span class='ocrx_word' id='word_1_29' title='bbox 568 613 706 685; x_wconf 89' lang='lat' dir='ltr'><strong>Surena,</strong></span> <span class='ocrx_word' id='word_1_30' title='bbox 726 610 837 672; x_wconf 89' lang='lat' dir='ltr'><strong>Orodis</strong></span> <span class='ocrx_word' id='word_1_31' title='bbox 855 612 934 693; x_wconf 81' lang='lat' dir='ltr'><strong>regis</strong></span> <span class='ocrx_word' id='word_1_32' title='bbox 955 612 1054 689; x_wconf 88' lang='lat' dir='ltr'><strong>duce,</strong></span> 
     </span>
     <span class='ocr_line' id='line_1_5' title="bbox 116 698 1065 801; baseline -0.008 -17"><span class='ocrx_word' id='word_1_33' title='bbox 116 721 238 794; x_wconf 75' lang='lat' dir='ltr'><strong>victus,</strong></span> <span class='ocrx_word' id='word_1_34' title='bbox 261 719 297 780; x_wconf 90' lang='lat' dir='ltr'><strong>ad</strong></span> <span class='ocrx_word' id='word_1_35' title='bbox 319 728 522 801; x_wconf 84' lang='lat' dir='ltr'><strong>prostremum</strong></span> <span class='ocrx_word' id='word_1_36' title='bbox 543 716 725 779; x_wconf 82' lang='lat' dir='ltr'><strong>interfectus·</strong></span> <span class='ocrx_word' id='word_1_37' title='bbox 740 730 785 779; x_wconf 84' lang='lat' dir='ltr'><strong>est</strong></span> <span class='ocrx_word' id='word_1_38' title='bbox 799 698 873 780; x_wconf 32' lang='lat' dir='ltr'><strong>&#39;cum</strong></span> <span class='ocrx_word' id='word_1_39' title='bbox 892 720 977 796; x_wconf 83' lang='lat' dir='ltr'><strong>lilio,</strong></span> <span class='ocrx_word' id='word_1_40' title='bbox 996 723 1065 783; x_wconf 86' lang='lat' dir='ltr'><strong>cla-.</strong></span> 
     </span>
     <span class='ocr_line' id='line_1_6' title="bbox 102 822 1067 909; baseline -0.003 -16"><span class='ocrx_word' id='word_1_41' title='bbox 102 830 234 893; x_wconf 75' lang='lat' dir='ltr'><strong>‘sissimo</strong></span> <span class='ocrx_word' id='word_1_42' title='bbox 254 840 283 889; x_wconf 91' lang='lat' dir='ltr'><strong>et</strong></span> <span class='ocrx_word' id='word_1_43' title='bbox 304 822 556 909; x_wconf 87' lang='lat' dir='ltr'><strong>praestantissimo</strong></span> <span class='ocrx_word' id='word_1_44' title='bbox 577 823 697 886; x_wconf 80' lang='lat' dir='ltr'><strong>iuvene.</strong></span> <span class='ocrx_word' id='word_1_45' title='bbox 726 825 884 908; x_wconf 80' lang='lat' dir='ltr'>Reliquiae</span> <span class='ocrx_word' id='word_1_46' title='bbox 903 831 1067 891; x_wconf 84' lang='lat' dir='ltr'><strong>exercitus·</strong></span> 
     </span>
     <span class='ocr_line' id='line_1_7' title="bbox 117 935 1055 1024; baseline -0.004 -23"><span class='ocrx_word' id='word_1_47' title='bbox 117 945 174 1024; x_wconf 87' lang='lat' dir='ltr'><strong>per</strong></span> <span class='ocrx_word' id='word_1_48' title='bbox 194 937 229 1003; x_wconf 77' lang='lat' dir='ltr'><strong>C.</strong></span> <span class='ocrx_word' id='word_1_49' title='bbox 249 935 383 999; x_wconf 89' lang='lat' dir='ltr'><strong>Cassium</strong></span> <span class='ocrx_word' id='word_1_50' title='bbox 404 943 595 1015; x_wconf 80' lang='lat' dir='ltr'><strong>quaestorem</strong></span> <span class='ocrx_word' id='word_1_51' title='bbox 616 943 750 994; x_wconf 81' lang='lat' dir='ltr'><strong>servatae</strong></span> <span class='ocrx_word' id='word_1_52' title='bbox 770 946 864 1009; x_wconf 87' lang='lat' dir='ltr'><strong>sunt,</strong></span> <span class='ocrx_word' id='word_1_53' title='bbox 884 937 936 1018; x_wconf 90' lang='lat' dir='ltr'><strong>qui</strong></span> <span class='ocrx_word' id='word_1_54' title='bbox 953 938 1055 1021; x_wconf 84' lang='lat' dir='ltr'><strong>singu·</strong></span> 
     </span>
     <span class='ocr_line' id='line_1_8' title="bbox 118 1039 1055 1125; baseline -0.001 -17"><span class='ocrx_word' id='word_1_55' title='bbox 118 1045 176 1108; x_wconf 90' lang='lat' dir='ltr'><strong>lari</strong></span> <span class='ocrx_word' id='word_1_56' title='bbox 211 1042 311 1106; x_wconf 86' lang='lat' dir='ltr'><strong>auimo</strong></span> <span class='ocrx_word' id='word_1_57' title='bbox 340 1042 471 1125; x_wconf 85' lang='lat' dir='ltr'><strong>perditas</strong></span> <span class='ocrx_word' id='word_1_58' title='bbox 510 1061 559 1101; x_wconf 90' lang='lat' dir='ltr'><strong>res</strong></span> <span class='ocrx_word' id='word_1_59' title='bbox 581 1051 665 1101; x_wconf 85' lang='lat' dir='ltr'><strong>tauta</strong></span> <span class='ocrx_word' id='word_1_60' title='bbox 697 1039 810 1103; x_wconf 75' lang='lat' dir='ltr'><strong>virtute</strong></span> <span class='ocrx_word' id='word_1_61' title='bbox 843 1043 999 1120; x_wconf 88' lang='lat' dir='ltr'><strong>restituit,</strong></span> <span class='ocrx_word' id='word_1_62' title='bbox 1019 1059 1055 1107; x_wconf 89' lang='lat' dir='ltr'><strong>ut</strong></span> 
     </span>
     <span class='ocr_line' id='line_1_9' title="bbox 118 1150 1055 1235; baseline 0.003 -21"><span class='ocrx_word' id='word_1_63' title='bbox 118 1155 246 1227; x_wconf 86' lang='lat' dir='ltr'><strong>Persas,</strong></span> <span class='ocrx_word' id='word_1_64' title='bbox 263 1152 383 1214; x_wconf 89' lang='lat' dir='ltr'><strong>rediens</strong></span> <span class='ocrx_word' id='word_1_65' title='bbox 391 1162 480 1213; x_wconf 81' lang='lat' dir='ltr'><strong>trans</strong></span> <span class='ocrx_word' id='word_1_66' title='bbox 497 1150 704 1233; x_wconf 79' lang='lat' dir='ltr'><strong>Euphratem,</strong></span> <span class='ocrx_word' id='word_1_67' title='bbox 721 1150 833 1214; x_wconf 83' lang='lat' dir='ltr'><strong>crebris</strong></span> <span class='ocrx_word' id='word_1_68' title='bbox 852 1154 974 1235; x_wconf 87' lang='lat' dir='ltr'><strong>proeliis</strong></span> <span class='ocrx_word' id='word_1_69' title='bbox 991 1156 1055 1217; x_wconf 82' lang='lat' dir='ltr'><strong>vin·</strong></span> 
     </span>
     <span class='ocr_line' id='line_1_10' title="bbox 60 1270 308 1323; baseline -0.008 0"><span class='ocrx_word' id='word_1_70' title='bbox 60 1315 65 1323; x_wconf 90' lang='lat'><strong>.</strong></span> <span class='ocrx_word' id='word_1_71' title='bbox 120 1270 213 1322; x_wconf 74' lang='lat' dir='ltr'><strong>reret.</strong></span> <span class='ocrx_word' id='word_1_72' title='bbox 306 1308 308 1311; x_wconf 85' lang='lat'>.</span> 
     </span>
    </p>
   </div>
   <div class='ocr_carea' id='block_1_5' title="bbox 105 1419 1070 2053">
    <p class='ocr_par' dir='ltr' id='par_1_5' title="bbox 105 1419 1060 2053">
     <span class='ocr_line' id='line_1_11' title="bbox 161 1419 1056 1510; baseline 0.012 -25"><span class='ocrx_word' id='word_1_73' title='bbox 161 1419 254 1507; x_wconf 75' lang='lat' dir='ltr'><strong>Cap.</strong></span> <span class='ocrx_word' id='word_1_74' title='bbox 277 1424 360 1486; x_wconf 85' lang='lat' dir='ltr'>XIX.</span> <span class='ocrx_word' id='word_1_75' title='bbox 382 1422 512 1510; x_wconf 77' lang='lat' dir='ltr'>(XVI.)</span> <span class='ocrx_word' id='word_1_76' title='bbox 531 1424 612 1509; x_wconf 75' lang='lat' dir='ltr'><strong>Hinc</strong></span> <span class='ocrx_word' id='word_1_77' title='bbox 624 1427 686 1489; x_wconf 87' lang='lat' dir='ltr'><strong>iam</strong></span> <span class='ocrx_word' id='word_1_78' title='bbox 708 1426 818 1492; x_wconf 86' lang='lat' dir='ltr'><strong>bellum</strong></span> <span class='ocrx_word' id='word_1_79' title='bbox 840 1432 927 1495; x_wconf 85' lang='lat' dir='ltr'><strong>civile</strong></span> <span class='ocrx_word' id='word_1_80' title='bbox 940 1454 1056 1495; x_wconf 87' lang='lat' dir='ltr'><strong>succes·</strong></span> 
     </span>
     <span class='ocr_line' id='line_1_12' title="bbox 120 1513 1057 1633; baseline 0.004 -37"><span class='ocrx_word' id='word_1_81' title='bbox 120 1513 162 1596; x_wconf 88' lang='lat' dir='ltr'><strong>sit</strong></span> <span class='ocrx_word' id='word_1_82' title='bbox 181 1524 393 1596; x_wconf 68' lang='grc' dir='ltr'><strong>ειεεοιιιιᾶιιιιι</strong></span> <span class='ocrx_word' id='word_1_83' title='bbox 414 1547 445 1595; x_wconf 93' lang='lat' dir='ltr'><strong>et</strong></span> <span class='ocrx_word' id='word_1_84' title='bbox 460 1535 675 1633; x_wconf 74' lang='lat' dir='ltr'><strong>lacrymabile,</strong></span> <span class='ocrx_word' id='word_1_85' title='bbox 693 1559 759 1619; x_wconf 83' lang='lat' dir='ltr'><strong>quo</strong></span> <span class='ocrx_word' id='word_1_86' title='bbox 769 1583 780 1613; x_wconf 96' lang='lat'><strong>,</strong></span> <span class='ocrx_word' id='word_1_87' title='bbox 799 1554 919 1621; x_wconf 87' lang='lat' dir='ltr'><strong>praeter</strong></span> <span class='ocrx_word' id='word_1_88' title='bbox 939 1542 1057 1603; x_wconf 90' lang='lat' dir='ltr'><strong>calami·</strong></span> 
     </span>
     <span class='ocr_line' id='line_1_13' title="bbox 120 1629 1058 1738; baseline 0.003 -34"><span class='ocrx_word' id='word_1_89' title='bbox 120 1629 220 1738; x_wconf 80' lang='lat' dir='ltr'><strong>tates,</strong></span> <span class='ocrx_word' id='word_1_90' title='bbox 241 1645 373 1725; x_wconf 85' lang='lat' dir='ltr'><strong>quaein</strong></span> <span class='ocrx_word' id='word_1_91' title='bbox 389 1642 512 1724; x_wconf 89' lang='lat' dir='ltr'><strong>proeliis</strong></span> <span class='ocrx_word' id='word_1_92' title='bbox 540 1629 737 1724; x_wconf 87' lang='lat' dir='ltr'><strong>acciderunt,</strong></span> <span class='ocrx_word' id='word_1_93' title='bbox 757 1647 847 1706; x_wconf 88' lang='lat' dir='ltr'><strong>etiam</strong></span> <span class='ocrx_word' id='word_1_94' title='bbox 867 1647 976 1727; x_wconf 86' lang='lat' dir='ltr'><strong>Populi</strong></span> <span class='ocrx_word' id='word_1_95' title='bbox 997 1649 1058 1715; x_wconf 80' lang='lat' dir='ltr'><strong>Rc·</strong></span> 
     </span>
     <span class='ocr_line' id='line_1_14' title="bbox 120 1729 1057 1843; baseline 0.002 -30"><span class='ocrx_word' id='word_1_96' title='bbox 120 1740 204 1813; x_wconf 85' lang='lat' dir='ltr'><strong>mani</strong></span> <span class='ocrx_word' id='word_1_97' title='bbox 235 1729 357 1811; x_wconf 78' lang='lat' dir='ltr'><strong>fortuna</strong></span> <span class='ocrx_word' id='word_1_98' title='bbox 391 1760 506 1811; x_wconf 87' lang='lat' dir='ltr'><strong>mutata</strong></span> <span class='ocrx_word' id='word_1_99' title='bbox 538 1761 617 1810; x_wconf 77' lang='lat' dir='ltr'><strong>est.</strong></span> <span class='ocrx_word' id='word_1_100' title='bbox 629 1747 738 1843; x_wconf 83' lang='lat' dir='ltr'><strong>Caesar</strong></span> <span class='ocrx_word' id='word_1_101' title='bbox 762 1751 863 1841; x_wconf 84' lang='lat' dir='ltr'><strong>euim,</strong></span> <span class='ocrx_word' id='word_1_102' title='bbox 882 1753 1016 1817; x_wconf 84' lang='lat' dir='ltr'><strong>rediens</strong></span> <span class='ocrx_word' id='word_1_103' title='bbox 1016 1774 1057 1815; x_wconf 75' lang='lat' dir='ltr'><strong>ex</strong></span> 
     </span>
     <span class='ocr_line' id='line_1_15' title="bbox 105 1838 1070 1940; baseline -0.001 -18"><span class='ocrx_word' id='word_1_104' title='bbox 105 1838 227 1922; x_wconf 76' lang='lat' dir='ltr'><strong>&#39;Gallia</strong></span> <span class='ocrx_word' id='word_1_105' title='bbox 256 1859 377 1933; x_wconf 84' lang='lat' dir='ltr'><strong>victor,</strong></span> <span class='ocrx_word' id='word_1_106' title='bbox 399 1856 518 1939; x_wconf 91' lang='lat' dir='ltr'><strong>coepit</strong></span> <span class='ocrx_word' id='word_1_107' title='bbox 529 1876 654 1940; x_wconf 87' lang='lat' dir='ltr'><strong>poscere</strong></span> <span class='ocrx_word' id='word_1_108' title='bbox 686 1858 813 1919; x_wconf 87' lang='lat' dir='ltr'><strong>alterum</strong></span> <span class='ocrx_word' id='word_1_109' title='bbox 847 1856 1070 1938; x_wconf 84' lang='lat' dir='ltr'><strong>consulatum,</strong></span> 
     </span>
     <span class='ocr_line' id='line_1_16' title="bbox 121 1960 1060 2053; baseline -0.003 -21"><span class='ocrx_word' id='word_1_110' title='bbox 121 1981 215 2053; x_wconf 89' lang='lat' dir='ltr'><strong>atque</strong></span> <span class='ocrx_word' id='word_1_111' title='bbox 235 1960 296 2042; x_wconf 83' lang='lat' dir='ltr'><strong>ita,</strong></span> <span class='ocrx_word' id='word_1_112' title='bbox 314 1978 349 2028; x_wconf 91' lang='lat' dir='ltr'><strong>ut</strong></span> <span class='ocrx_word' id='word_1_113' title='bbox 368 1965 432 2027; x_wconf 90' lang='lat' dir='ltr'><strong>siue</strong></span> <span class='ocrx_word' id='word_1_114' title='bbox 447 1964 646 2027; x_wconf 79' lang='lat' dir='ltr'><strong>dubietate</strong></span> <span class='ocrx_word' id='word_1_115' title='bbox 618 1986 647 2026; x_wconf 86' lang='lat' dir='ltr'><strong>er</strong></span> <span class='ocrx_word' id='word_1_116' title='bbox 666 1964 765 2047; x_wconf 90' lang='lat' dir='ltr'><strong>aliqua</strong></span> <span class='ocrx_word' id='word_1_117' title='bbox 785 1966 963 2030; x_wconf 78' lang='lat' dir='ltr'><strong>deferretur.</strong></span> <span class='ocrx_word' id='word_1_118' title='bbox 979 1965 1060 2029; x_wconf 87' lang='lat' dir='ltr'><strong>Con·</strong></span> 
     </span>
    </p>
   </div>
   <div class='ocr_carea' id='block_1_6' title="bbox 121 2053 1142 2602">
    <p class='ocr_par' dir='ltr' id='par_1_6' title="bbox 121 2053 1142 2602">
     <span class='ocr_line' id='line_1_17' title="bbox 121 2053 1140 2180; baseline 0 -40"><span class='ocrx_word' id='word_1_119' title='bbox 121 2076 291 2152; x_wconf 87' lang='lat' dir='ltr'><strong>tradictum</strong></span> <span class='ocrx_word' id='word_1_120' title='bbox 307 2088 351 2136; x_wconf 87' lang='lat' dir='ltr'><strong>est</strong></span> <span class='ocrx_word' id='word_1_121' title='bbox 371 2097 388 2140; x_wconf 88' lang='lat' dir='ltr'><strong>a</strong></span> <span class='ocrx_word' id='word_1_122' title='bbox 409 2075 550 2152; x_wconf 78' lang='lat' dir='ltr'><strong>Marcello</strong></span> <span class='ocrx_word' id='word_1_123' title='bbox 575 2089 642 2138; x_wconf 85' lang='lat' dir='ltr'><strong>cos.</strong></span> <span class='ocrx_word' id='word_1_124' title='bbox 663 2096 680 2134; x_wconf 89' lang='lat' dir='ltr'><strong>a</strong></span> <span class='ocrx_word' id='word_1_125' title='bbox 698 2075 834 2151; x_wconf 88' lang='lat' dir='ltr'><strong>Bibulo,</strong></span> <span class='ocrx_word' id='word_1_126' title='bbox 854 2097 870 2138; x_wconf 88' lang='lat' dir='ltr'><strong>a</strong></span> <span class='ocrx_word' id='word_1_127' title='bbox 890 2053 1034 2160; x_wconf 81' lang='lat' dir='ltr'><strong>Pompeio</strong></span> <span class='ocrx_word' id='word_1_128' title='bbox 1051 2122 1062 2151; x_wconf 94' lang='lat'><strong>,</strong></span> <span class='ocrx_word' id='word_1_129' title='bbox 1072 2135 1140 2180; x_wconf 44' lang='lat' dir='ltr'><strong>w·</strong></span> 
     </span>
     <span class='ocr_line' id='line_1_18' title="bbox 122 2182 1142 2265; baseline -0.005 -16"><span class='ocrx_word' id='word_1_130' title='bbox 122 2183 296 2259; x_wconf 76' lang='lat' dir='ltr'><strong>aCatoue,</strong></span> <span class='ocrx_word' id='word_1_131' title='bbox 317 2185 472 2265; x_wconf 85' lang='lat' dir='ltr'><strong>iussusque</strong></span> <span class='ocrx_word' id='word_1_132' title='bbox 504 2184 632 2245; x_wconf 77' lang='lat' dir='ltr'><strong>dimissis</strong></span> <span class='ocrx_word' id='word_1_133' title='bbox 668 2182 848 2244; x_wconf 83' lang='lat' dir='ltr'><strong>exercitibus</strong></span> <span class='ocrx_word' id='word_1_134' title='bbox 880 2183 919 2244; x_wconf 90' lang='lat' dir='ltr'><strong>ad</strong></span> <span class='ocrx_word' id='word_1_135' title='bbox 950 2183 1057 2245; x_wconf 86' lang='lat' dir='ltr'><strong>urbem</strong></span> <span class='ocrx_word' id='word_1_136' title='bbox 1073 2198 1142 2265; x_wconf 84' lang='lat'><strong>703</strong></span> 
     </span>
     <span class='ocr_line' id='line_1_19' title="bbox 121 2290 1092 2381; baseline -0.006 -26"><span class='ocrx_word' id='word_1_137' title='bbox 121 2291 234 2363; x_wconf 81' lang='lat' dir='ltr'><strong>redire.</strong></span> <span class='ocrx_word' id='word_1_138' title='bbox 255 2293 384 2375; x_wconf 82' lang='lat' dir='ltr'><strong>Propter</strong></span> <span class='ocrx_word' id='word_1_139' title='bbox 401 2313 493 2373; x_wconf 82' lang='lat' dir='ltr'><strong>quam</strong></span> <span class='ocrx_word' id='word_1_140' title='bbox 523 2292 665 2352; x_wconf 89' lang='lat' dir='ltr'><strong>iniuriam</strong></span> <span class='ocrx_word' id='word_1_141' title='bbox 685 2292 722 2353; x_wconf 92' lang='lat' dir='ltr'><strong>ab</strong></span> <span class='ocrx_word' id='word_1_142' title='bbox 740 2291 902 2381; x_wconf 76' lang='lat' dir='ltr'><strong>¹Arimino,</strong></span> <span class='ocrx_word' id='word_1_143' title='bbox 924 2290 1092 2373; x_wconf 45' lang='lat' dir='ltr'><strong>oblmis,</strong></span> 
     </span>
     <span class='ocr_line' id='line_1_20' title="bbox 123 2399 1072 2484; baseline -0.005 -18"><span class='ocrx_word' id='word_1_144' title='bbox 123 2403 193 2467; x_wconf 87' lang='lat' dir='ltr'><strong>lites</strong></span> <span class='ocrx_word' id='word_1_145' title='bbox 227 2413 423 2484; x_wconf 68' lang='lat' dir='ltr'><strong>congregatos</strong></span> <span class='ocrx_word' id='word_1_146' title='bbox 456 2399 607 2478; x_wconf 76' lang='lat' dir='ltr'><strong>habebat,</strong></span> <span class='ocrx_word' id='word_1_147' title='bbox 641 2399 797 2461; x_wconf 85' lang='lat' dir='ltr'><strong>adversum</strong></span> <span class='ocrx_word' id='word_1_148' title='bbox 829 2399 956 2481; x_wconf 86' lang='lat' dir='ltr'><strong>patriam</strong></span> <span class='ocrx_word' id='word_1_149' title='bbox 988 2423 1072 2464; x_wconf 83' lang='lat' dir='ltr'><strong>cum.</strong></span> 
     </span>
     <span class='ocr_line' id='line_1_21' title="bbox 124 2494 1074 2602; baseline -0.002 -28"><span class='ocrx_word' id='word_1_150' title='bbox 124 2510 259 2602; x_wconf 69' lang='lat' dir='ltr'><strong>euerritu</strong></span> <span class='ocrx_word' id='word_1_151' title='bbox 293 2510 384 2570; x_wconf 82' lang='lat' dir='ltr'><strong>venit.</strong></span> <span class='ocrx_word' id='word_1_152' title='bbox 404 2494 550 2570; x_wconf 74' lang='lat' dir='ltr'><strong>Corsules</strong></span> <span class='ocrx_word' id='word_1_153' title='bbox 585 2529 654 2568; x_wconf 89' lang='lat' dir='ltr'><strong>cum</strong></span> <span class='ocrx_word' id='word_1_154' title='bbox 687 2507 853 2589; x_wconf 84' lang='lat' dir='ltr'><strong>Pompeio,</strong></span> <span class='ocrx_word' id='word_1_155' title='bbox 877 2507 1074 2593; x_wconf 27' lang='lat' dir='ltr'><strong>senatusque,</strong></span> 
     </span>
    </p>
   </div>
   <div class='ocr_carea' id='block_1_7' title="bbox 1110 2386 1120 2431">
    <p class='ocr_par' dir='ltr' id='par_1_7' title="bbox 1110 2386 1120 2431">
     <span class='ocr_line' id='line_1_22' title="bbox 1110 2386 1120 2431; baseline 0 0"><span class='ocrx_word' id='word_1_156' title='bbox 1110 2386 1120 2431; x_wconf 79' lang='lat' dir='ltr'><strong>l</strong></span> 
     </span>
    </p>
   </div>
   <div class='ocr_carea' id='block_1_8' title="bbox 60 2614 1074 3026">
    <p class='ocr_par' dir='ltr' id='par_1_8' title="bbox 60 2614 1074 3026">
     <span class='ocr_line' id='line_1_23' title="bbox 124 2614 1074 2700; baseline -0.002 -19"><span class='ocrx_word' id='word_1_157' title='bbox 124 2618 224 2681; x_wconf 90' lang='lat' dir='ltr'><strong>omnis</strong></span> <span class='ocrx_word' id='word_1_158' title='bbox 245 2629 334 2700; x_wconf 87' lang='lat' dir='ltr'><strong>atque</strong></span> <span class='ocrx_word' id='word_1_159' title='bbox 366 2617 515 2677; x_wconf 82' lang='lat' dir='ltr'><strong>universa</strong></span> <span class='ocrx_word' id='word_1_160' title='bbox 531 2614 671 2677; x_wconf 81' lang='lat' dir='ltr'><strong>nobilitas</strong></span> <span class='ocrx_word' id='word_1_161' title='bbox 704 2635 740 2676; x_wconf 87' lang='lat' dir='ltr'><strong>ex</strong></span> <span class='ocrx_word' id='word_1_162' title='bbox 760 2614 835 2676; x_wconf 87' lang='lat' dir='ltr'><strong>urbe</strong></span> <span class='ocrx_word' id='word_1_163' title='bbox 856 2616 953 2699; x_wconf 81' lang='lat' dir='ltr'><strong>fugit,</strong></span> <span class='ocrx_word' id='word_1_164' title='bbox 978 2631 1009 2680; x_wconf 90' lang='lat' dir='ltr'><strong>et</strong></span> <span class='ocrx_word' id='word_1_165' title='bbox 1025 2619 1074 2682; x_wconf 89' lang='lat' dir='ltr'><strong>iu.</strong></span> 
     </span>
     <span class='ocr_line' id='line_1_24' title="bbox 124 2723 1061 2811; baseline 0.003 -22"><span class='ocrx_word' id='word_1_166' title='bbox 124 2726 287 2790; x_wconf 88' lang='lat' dir='ltr'><strong>Graeciam</strong></span> <span class='ocrx_word' id='word_1_167' title='bbox 317 2724 459 2798; x_wconf 81' lang='lat' dir='ltr'><strong>transiit3</strong></span> <span class='ocrx_word' id='word_1_168' title='bbox 482 2723 561 2806; x_wconf 90' lang='lat' dir='ltr'><strong>apud</strong></span> <span class='ocrx_word' id='word_1_169' title='bbox 592 2724 739 2807; x_wconf 85' lang='lat' dir='ltr'><strong>Epirum,</strong></span> <span class='ocrx_word' id='word_1_170' title='bbox 767 2725 974 2811; x_wconf 82' lang='lat' dir='ltr'><strong>Macedoniam</strong></span> <span class='ocrx_word' id='word_1_171' title='bbox 986 2727 1061 2804; x_wconf 69' lang='lat' dir='ltr'><strong>,b-</strong></span> 
     </span>
     <span class='ocr_line' id='line_1_25' title="bbox 60 2821 1060 2943; baseline -0.003 -45"><span class='ocrx_word' id='word_1_172' title='bbox 60 2848 75 2867; x_wconf 79' lang='lat'><strong>·</strong></span> <span class='ocrx_word' id='word_1_173' title='bbox 125 2836 265 2909; x_wconf 85' lang='lat' dir='ltr'><strong>cbaiam,</strong></span> <span class='ocrx_word' id='word_1_174' title='bbox 301 2832 445 2941; x_wconf 86' lang='lat' dir='ltr'><strong>Pompeio</strong></span> <span class='ocrx_word' id='word_1_175' title='bbox 478 2821 577 2906; x_wconf 87' lang='lat' dir='ltr'><strong>duce,</strong></span> <span class='ocrx_word' id='word_1_176' title='bbox 609 2843 730 2896; x_wconf 86' lang='lat' dir='ltr'><strong>senatus</strong></span> <span class='ocrx_word' id='word_1_177' title='bbox 763 2844 869 2943; x_wconf 65' lang='lat' dir='ltr'><strong>ronna</strong></span> <span class='ocrx_word' id='word_1_178' title='bbox 900 2833 1060 2931; x_wconf 83' lang='lat' dir='ltr'><strong>Caesarem</strong></span> 
     </span>
     <span class='ocr_line' id='line_1_26' title="bbox 125 2942 882 3026; baseline -0.007 -19"><span class='ocrx_word' id='word_1_179' title='bbox 125 2946 238 3007; x_wconf 86' lang='lat' dir='ltr'><strong>bellum</strong></span> <span class='ocrx_word' id='word_1_180' title='bbox 258 2942 404 3026; x_wconf 85' lang='lat' dir='ltr'><strong>paravit</strong></span> <span class='ocrx_word' id='word_1_181' title='bbox 878 2952 882 2957; x_wconf 80' lang='grc'><strong>’</strong></span> 
     </span>
    </p>
   </div>
   <div class='ocr_carea' id='block_1_9' title="bbox 112 3050 1143 3410">
    <p class='ocr_par' dir='ltr' id='par_1_9' title="bbox 112 3050 1143 3391">
     <span class='ocr_line' id='line_1_27' title="bbox 168 3050 1143 3228; baseline -0.002 -62"><span class='ocrx_word' id='word_1_182' title='bbox 168 3103 264 3188; x_wconf 87' lang='lat' dir='ltr'><strong>Cap</strong></span> <span class='ocrx_word' id='word_1_183' title='bbox 284 3109 355 3171; x_wconf 81' lang='lat' dir='ltr'><strong>XX.</strong></span> <span class='ocrx_word' id='word_1_184' title='bbox 375 3103 504 3180; x_wconf 89' lang='lat' dir='ltr'><strong>Caesar,</strong></span> <span class='ocrx_word' id='word_1_185' title='bbox 523 3082 647 3170; x_wconf 83' lang='lat' dir='ltr'><strong>vacuam</strong></span> <span class='ocrx_word' id='word_1_186' title='bbox 680 3050 820 3167; x_wconf 88' lang='lat' dir='ltr'><strong>urbem</strong></span> <span class='ocrx_word' id='word_1_187' title='bbox 810 3112 979 3189; x_wconf 74' lang='lat' dir='ltr'><strong>ingressus,</strong></span> <span class='ocrx_word' id='word_1_188' title='bbox 995 3103 1143 3228; x_wconf 66' lang='lat' dir='ltr'><strong>dio.Ml</strong></span> 
     </span>
     <span class='ocr_line' id='line_1_28' title="bbox 125 3213 1143 3300; baseline -0.005 -23"><span class='ocrx_word' id='word_1_189' title='bbox 125 3227 258 3277; x_wconf 86' lang='lat' dir='ltr'><strong>tatorem</strong></span> <span class='ocrx_word' id='word_1_190' title='bbox 276 3235 307 3276; x_wconf 88' lang='lat' dir='ltr'><strong>se</strong></span> <span class='ocrx_word' id='word_1_191' title='bbox 326 3215 408 3276; x_wconf 86' lang='lat' dir='ltr'><strong>lecit.</strong></span> <span class='ocrx_word' id='word_1_192' title='bbox 443 3214 516 3276; x_wconf 90' lang='lat' dir='ltr'><strong>lude</strong></span> <span class='ocrx_word' id='word_1_193' title='bbox 545 3215 717 3298; x_wconf 87' lang='lat' dir='ltr'><strong>Hispanias</strong></span> <span class='ocrx_word' id='word_1_194' title='bbox 735 3215 832 3298; x_wconf 86' lang='lat' dir='ltr'><strong>petiit.</strong></span> <span class='ocrx_word' id='word_1_195' title='bbox 859 3214 904 3275; x_wconf 92' lang='lat' dir='ltr'><strong>lbi</strong></span> <span class='ocrx_word' id='word_1_196' title='bbox 924 3213 1060 3295; x_wconf 89' lang='lat' dir='ltr'><strong>Pompeii</strong></span> <span class='ocrx_word' id='word_1_197' title='bbox 1076 3224 1143 3300; x_wconf 78' lang='lat'><strong>703</strong></span> 
     </span>
     <span class='ocr_line' id='line_1_29' title="bbox 112 3300 1072 3410; baseline -0.004 -25"><span class='ocrx_word' id='word_1_198' title='bbox 112 3322 281 3394; x_wconf 69' lang='lat' dir='ltr'><strong>rexercitos</strong></span> <span class='ocrx_word' id='word_1_199' title='bbox 299 3300 493 3410; x_wconf 83' lang='lat' dir='ltr'><strong>validissimos</strong></span> <span class='ocrx_word' id='word_1_200' title='bbox 524 3334 556 3386; x_wconf 85' lang='lat' dir='ltr'><strong>et</strong></span> <span class='ocrx_word' id='word_1_201' title='bbox 574 3322 753 3391; x_wconf 77' lang='lat' dir='ltr'><strong>fortissimos</strong></span> <span class='ocrx_word' id='word_1_202' title='bbox 773 3347 842 3387; x_wconf 86' lang='lat' dir='ltr'><strong>cum</strong></span> <span class='ocrx_word' id='word_1_203' title='bbox 863 3322 959 3383; x_wconf 88' lang='lat' dir='ltr'><strong>tribus</strong></span> <span class='ocrx_word' id='word_1_204' title='bbox 981 3321 1072 3385; x_wconf 88' lang='lat' dir='ltr'><strong>duci</strong></span> 
     </span>
    </p>
   </div>
   <div class='ocr_carea' id='block_1_10' title="bbox 951 3435 973 3498">
    <p class='ocr_par' dir='ltr' id='par_1_10' title="bbox 951 3435 973 3498">
     <span class='ocr_line' id='line_1_30' title="bbox 951 3435 973 3498; baseline 0 0"><span class='ocrx_word' id='word_1_205' title='bbox 951 3435 973 3498; x_wconf 88' lang='grc'>6</span> 
     </span>
    </p>
   </div>
   <div class='ocr_carea' id='block_1_11' title="bbox 0 0 1331 4017">
    <p class='ocr_par' dir='ltr' id='par_1_11' title="bbox 0 0 1331 4017">
     <span class='ocr_line' id='line_1_31' title="bbox 0 0 1331 4017; baseline 0 0"><span class='ocrx_word' id='word_1_206' title='bbox 0 0 1331 4017; x_wconf 95' lang='lat' dir='ltr'><strong> </strong></span> 
     </span>
    </p>
   </div>
  </div>
 </body>
</html>
