2617 4017
219 323 265 387 ss
562 320 818 388 uurnoarr
906 401 911 408 s

257 486 352 570 Cap.
386 488 454 549 xll.
488 484 574 571 (X)
602 488 683 551 Dum
722 487 795 548 haec
827 464 1157 570 geruntur,1³11ttm

219 597 321 660 omnia
338 595 430 661 maria
449 595 628 657 infestabant
657 594 719 667 ita,
741 605 776 654 ut
794 591 959 666 Romanis,
977 586 1043 652 toto
1077 591 1157 655 orbe
1210 660 1218 669 ,

134 723 203 769 tn.
219 706 408 782 victoribus,
426 706 489 766 sola
519 702 668 787 navigatio
688 714 754 764 tuta
787 723 851 762 non
879 712 965 763 esset.
997 702 1099 778 Quare
1119 701 1157 762 id

135 788 332 929 58115heiluru
350 811 408 874 Cn.
442 812 588 895 Pompeio
610 812 765 873 decretum
787 822 856 885 est3
881 809 963 892 quod
984 811 1062 871 iutra
1080 831 1158 892 pan·

69 970 74 979 ,
137 950 204 1013 686
222 942 272 982 cos
292 942 407 985 menses
420 966 431 995 ,
449 921 565 1004 ingenti
584 933 614 983 et
627 921 770 983 felicitate
789 933 820 982 et
840 918 990 981 celeritate
1010 918 1154 980 confecit.
1221 966 1223 981 ,
1297 922 1303 987 j

220 1030 290 1090 Mox
312 1030 340 1093 ei
360 1030 491 1093 delatum
506 1029 617 1092 bellum
639 1031 727 1092 etiam
750 1042 857 1091 contra
878 1028 978 1110 regem
1000 1026 1159 1088 Mithrida·

220 1116 273 1202 ten
305 1151 337 1200 et
354 1139 532 1227 Tigranen,
553 1158 614 1221 quo
644 1151 805 1220 suscepto,
824 1136 1018 1198 Mithridaten
1047 1136 1157 1201 in‘Ar-

221 1245 319 1308 menia
341 1246 458 1307 minore
479 1259 631 1315 nocturno
653 1248 770 1330 proelio
788 1246 879 1320 vicit,
902 1257 998 1307 castra
1018 1244 1157 1327 diripuitt

222 1354 418 1437 quadraginta
450 1332 581 1418 millibus
603 1358 667 1419 eius
692 1357 821 1430 occisis,
843 1355 951 1438 viginti
980 1336 1097 1416 tanturn
1117 1354 1158 1416 de

221 1460 356 1523 exercitu
387 1481 443 1522 suo
475 1463 626 1543 perdidit,
649 1476 680 1524 et
711 1464 787 1525 duos
819 1464 1021 1525 centuriones.
1039 1461 1160 1524 Mithri·

177 1638 183 1645 Ἰ
220 1568 303 1637 dates
330 1588 399 1628 cnm
420 1590 515 1631 uxore
534 1569 612 1654 sugit
624 1612 634 1644 ,
658 1582 689 1632 et
708 1570 827 1632 duobus
851 1569 1024 1631 comitibusc
1048 1569 1158 1651 Neque

222 1676 318 1737 multo
338 1688 429 1760 post,
452 1701 521 1741 cum
544 1679 577 1741 in
611 1701 682 1742 suos
716 1680 866 1755 saeviret,
897 1680 1081 1754 Pharnacis,
1101 1678 1159 1739 filii

222 1785 294 1861 sui,
315 1787 394 1868 apud
417 1788 526 1849 milites
546 1789 714 1863 seditione,
737 1790 774 1849 ad
794 1802 923 1851 mortem
944 1799 1088 1860 coactus,
1106 1805 1160 1846 re-

138 1914 207 1958 sun.
224 1915 337 1970 uenum
359 1893 466 1956 hausit.
489 1898 580 1958 Hunc
600 1898 692 1983 finern
712 1896 817 1957 habuit
843 1897 1040 1956 Mithridates.
1063 1893 1160 1957 Periit
1178 1948 1182 1951 Α

139 1977 206 2042 633
223 2012 323 2064 autem
354 2002 434 2085 apud
454 2005 645 2085 Bosporum,
664 2004 712 2065 vir
733 2003 861 2085 ingentis
893 2000 1057 2062 industriae
1084 2023 1161 2065 con·

223 2106 351 2192 siliique.
377 2110 536 2194 *Regnavit
568 2112 654 2171 aunis
677 2110 845 2194 sertagiuta,
865 2109 940 2190 vixit
968 2111 1160 2192 septuaginta

224 2204 365 2297 duobus:
387 2230 493 2280 contra
524 2221 680 2282 Romanos
711 2219 824 2281 bellurn
843 2217 948 2279 hahuit
967 2216 1053 2277 annis
1087 2238 1159 2298 qua·

225 2325 372 2409 draginta.
545 2398 548 2409 Ι

63 2454 65 2459 ’
139 2472 210 2518 Μ,
265 2431 359 2516 Cap.
380 2435 460 2496 Xlll.
484 2433 571 2517 (xl)
589 2433 714 2516 Tigrani
736 2431 844 2493 deinde
864 2433 1024 2515 Pompeius
1047 2432 1157 2494 bellum

141 2539 210 2605 686
225 2542 337 2623 intulit
367 2544 419 2604 Ille
441 2565 474 2605 se
505 2541 532 2604 ei
553 2543 660 2616 dedit,
681 2543 761 2603 etin
784 2554 880 2603 castra
913 2542 1049 2624 Pompeii
1073 2536 1182 2603 sexto‘

225 2651 341 2713 decimo
360 2654 497 2713 milliario
516 2651 552 2715 ah
570 2651 714 2713 Artaxata
728 2651 835 2724 veuit,
851 2671 886 2725 ac
907 2652 1040 2715 diadema
1058 2674 1157 2723 suurn,

225 2779 293 2818 cum
316 2760 524 2841 procubuisset
538 2760 575 2820 ad
595 2780 692 2842 genua
710 2758 871 2841 Pompeii,
892 2758 925 2820 in
945 2760 1081 2820 manibus
1101 2760 1159 2841 ipsi

226 2865 404 2942 collocavit;
424 2868 506 2950 quod
529 2867 557 2928 ei
573 2867 733 2948 Pompeius
752 2868 909 2947 reposuit,
933 2866 1159 2950 honorificeque

226 2995 295 3035 curu
321 2973 476 3046 habiturn,
492 2975 579 3058 regui
598 2989 700 3036 tamen
720 2987 805 3057 parte
825 2975 981 3050 multavit,
1001 2988 1031 3037 et
1052 2979 1161 3059 grandi

226 3079 363 3166 pecunia.
394 3081 522 3143 Ademta
558 3094 604 3143 est
624 3082 652 3143 ei
673 3082 757 3168 Syria
768 3127 777 3157 ,
796 3070 969 3157 Phoenice,
992 3085 1158 3166 Sophenes

225 3212 277 3253 ser
294 3189 384 3250 millia
405 3202 558 3271 praeterea
578 3192 761 3252 talentorum
784 3191 922 3275 argenti,
942 3211 1017 3273 quae
1046 3190 1162 3273 populo

217 3292 364 3363 ¹Romano
384 3297 490 3370 daret,
512 3298 581 3378 quia
601 3299 712 3361 bellum
730 3302 794 3362 sine
812 3286 898 3362 causa
913 3298 1057 3361 Romanis
1080 3320 1165 3361 com-²

228 3403 378 3465 movisset.
