2617 4017
250 284 297 354 70
369 288 373 291 ’
468 346 474 355 .
589 274 910 356 uurrorm'

247 464 294 516 est
314 463 445 535 putatus
469 454 578 540 Neque
593 457 682 521 ,enim
702 456 788 519 facile
810 459 889 520 ullus
908 478 945 519 eo
974 459 1076 523 autin
1096 461 1190 528 bellis

247 562 365 626 felicior
400 542 480 639 fuit,
498 576 550 626 aut
573 564 617 640 ‚in
639 586 712 647 paee
734 565 930 628 moderatior.
965 583 1041 630 xttv
1073 571 1161 635 anuis
1172 621 1184 650 ‚

247 672 358 757 quibus
377 658 469 736 ¹solus
498 674 589 758 gessit
620 673 804 757 imperium,
829 675 1000 739 civilissime
1030 678 1128 742 vixitr
1150 682 1189 745 in

247 791 373 844 cunctor
406 776 654 860 liberalissimus,
683 782 718 845 iu
747 784 860 846 amieos
893 785 1077 862 fidissimum
1105 808 1187 870 quos

246 889 338 953 tantis
358 890 456 955 erexit
481 889 673 968 honoribus,
691 903 728 955 ut
757 913 853 977 paene
889 905 1032 979 aequaret
1063 895 1186 980 fastigio

246 1019 325 1062 suo.¹

286 1163 384 1250 Cap.
406 1169 458 1230 tx.
474 1168 567 1232 Nullo
581 1150 720 1250 tempore
736 1188 785 1231 res
804 1153 941 1233 Romana
954 1169 1047 1252 magis
1064 1166 1183 1233 floruit.

155 1276 160 1284 ’
246 1271 323 1335 Nam
343 1275 474 1357 exeeptis
494 1276 630 1339 civilibus
650 1276 735 1357 bellis
748 1298 766 1354 ,*
779 1277 812 1339 in
832 1277 941 1361 quibus
962 1279 1091 1339 invictus
1111 1277 1186 1353 fuit,
1254 1324 1260 1340 ,

242 1385 386 1450 ¹Romano
406 1373 514 1445 adiecit
528 1384 656 1465 imperio
677 1384 874 1469 Aegyptum,
894 1383 1095 1462 Cantabriam,
1114 1386 1187 1447 nat-

246 1491 393 1566 uratum,
413 1511 502 1573 saepe
522 1503 592 1553 aute
623 1489 734 1553 victam
744 1534 756 1566 ,
775 1492 828 1552 sed
849 1492 970 1574 penitus
998 1506 1073 1557 tuno
1094 1493 1185 1556 suba·

248 1610 353 1677 etum
372 1598 561 1663 Pannoniam
574 1597 799 1682 ,Aquitaniam
812 1643 824 1673 ‚
845 1599 1018 1686 Illyricum,
1035 1599 1183 1676 Raetiam,

247 1710 442 1786 Vindelicos,
462 1721 493 1772 et
514 1709 644 1772 Salassos
666 1707 699 1768 in
718 1706 869 1790 Alpibus3
890 1729 993 1770 omnes
1014 1707 1104 1772 Ponti
1121 1729 1186 1771 ma·

246 1821 361 1884 ritimas
399 1819 532 1882 civitates
547 1839 570 1878 s·
589 1817 622 1879 in
653 1817 699 1878 his
720 1816 918 1879 nobilissimas
951 1820 1121 1901 Bosporum
1147 1831 1185 1880 et

239 1929 480 2012 Panticapaeon.
501 1925 585 1987 toris
606 1936 707 1987 autem
730 1925 853 2009 proeliis
872 1927 993 2001 Dacos;
1015 1926 1188 2013 Germano·

236 2055 314 2120 ,rum
334 2035 471 2118 ingentes
491 2034 593 2117 copias
614 2033 749 2113 recidit3
771 2017 851 2117 ipsos
871 2054 992 2116 quoque
1022 2044 1108 2093 trans
1129 2035 1186 2096 at-

112 2175 120 2183 *
244 2142 308 2206 him
325 2136 452 2223 fluvium
474 2142 649 2219 submovit,
669 2143 722 2226 qui
746 2144 779 2205 in
799 2140 955 2203 barbarico
988 2141 1080 2225 louge
1100 2142 1183 2204 ultra

244 2253 387 2317 Rhenum
408 2263 463 2314 est.
482 2253 551 2313 Hoc
570 2249 806 2317 tameu,bellom
828 2270 884 2335 per
911 2250 1045 2312 Drusum
1070 2249 1184 2335 privig-

154 2444 156 2448 ἱ
234 2347 319 2441 ‘uum
338 2383 427 2423 suum
447 2359 667 2423 administravit
676 2403 687 2435 ‚
707 2358 786 2422 sIcut
802 2380 861 2451 vper
882 2356 1050 2433 Tiberium,
1069 2356 1183 2441 privig-

245 2492 319 2534 num
336 2470 464 2533 alterum
479 2513 490 2546 ,
508 2468 744 2544 Pannonicum,
762 2488 824 2551 quo
841 2464 921 2529 bello
938 2483 981 2528 xt
999 2454 1091 2528 millia
1111 2488 1182 2549 eap-

199 2580 204 2585 ’
242 2580 375 2643 tivorum
398 2601 435 2642 ex
449 2578 612 2642 Germania
625 2576 801 2652 transtulit,
821 2587 852 2639 et
864 2599 956 2659 supra
971 2577 1067 2659 ripam
1080 2575 1183 2638 Rheni

243 2691 277 2752 iu
299 2689 398 2751 Gallia
418 2689 587 2751 collocavit.
604 2686 782 2750 Armeniam
803 2706 821 2748 a
838 2686 956 2749 Parthis
976 2684 1106 2768 recepit:
1127 2684 1182 2746 oh·

243 2797 341 2871 sides,
358 2794 468 2882 (quod
488 2797 565 2860 nulli
586 2808 674 2859 antea
684 2798 721 2884 ,)
741 2797 850 2858 Persae
870 2795 900 2857 ei
920 2794 1091 2857 dederuuta
1108 2794 1179 2854 red·

244 2902 387 2966 dideruut
422 2906 513 2970 etiam
545 2906 631 2992 rigna
664 2889 827 2981 Romana,
845 2925 922 2990 quae
953 2901 1063 2967 Crasso
1096 2900 1178 2967 victo

244 3012 445 3079 ademerant,
680 3010 682 3015 ’

283 3172 376 3259 Cap,
396 3179 437 3240 X.
459 3181 588 3264 Scythae
610 3190 641 3244 et
662 3181 731 3245 ludi
744 3226 760 3258 „
773 3176 883 3265 quibus
914 3189 1004 3241 autea.
1026 3174 1180 3239 Romano·
1206 3192 1208 3197 ·

242 3307 312 3348 rum
333 3307 445 3348 nomen
467 3287 656 3370 incognitum
677 3291 793 3374 ingrat,
811 3307 939 3350 munera
958 3297 989 3348 et
1008 3285 1120 3368 legatos
1142 3282 1180 3345 ad

242 3414 313 3458 eum
347 3394 506 3460 miserunt.
541 3394 661 3459 Galatia
695 3418 818 3486 quoque
851 3394 909 3459 sub
944 3395 1003 3459 hoo
1022 3390 1179 3479 provincia
