<?xml version="1.0" encoding="UTF-8"?>
<!DOCTYPE html PUBLIC "-//W3C//DTD XHTML 1.0 Transitional//EN"
    "http://www.w3.org/TR/xhtml1/DTD/xhtml1-transitional.dtd">
<html xmlns="http://www.w3.org/1999/xhtml" xml:lang="en" lang="en">
 <head>
  <title>
</title>
<meta http-equiv="Content-Type" content="text/html;charset=utf-8" />
  <meta name='ocr-system' content='tesseract 3.04.00' />
  <meta name='ocr-capabilities' content='ocr_page ocr_carea ocr_par ocr_line ocrx_word'/>
</head>
<body>
  <div class='ocr_page' id='page_1' title='image "./eutropiibreviar03eutrgoog_0116.png"; bbox 0 0 2617 4017; ppageno 0'>
   <div class='ocr_carea' id='block_1_1' title="bbox 270 244 866 319">
    <p class='ocr_par' dir='ltr' id='par_1_1' title="bbox 270 244 866 319">
     <span class='ocr_line' id='line_1_1' title="bbox 270 244 866 319; baseline 0.002 -1"><span class='ocrx_word' id='word_1_1' title='bbox 270 260 338 318; x_wconf 77' lang='lat' dir='ltr'>sto</span> <span class='ocrx_word' id='word_1_2' title='bbox 427 244 437 257; x_wconf 79' lang='lat'><strong><em>‘</em></strong></span> <span class='ocrx_word' id='word_1_3' title='bbox 599 254 866 319; x_wconf 71' lang='lat' dir='ltr'>sotnoelt</span> 
     </span>
    </p>
   </div>
   <div class='ocr_carea' id='block_1_2' title="bbox 264 416 1211 724">
    <p class='ocr_par' dir='ltr' id='par_1_2' title="bbox 264 416 1211 724">
     <span class='ocr_line' id='line_1_2' title="bbox 264 416 1209 506; baseline 0.002 -23"><span class='ocrx_word' id='word_1_4' title='bbox 264 421 377 482; x_wconf 88' lang='lat' dir='ltr'>bellum</span> <span class='ocrx_word' id='word_1_5' title='bbox 392 418 474 502; x_wconf 85' lang='lat' dir='ltr'>apud</span> <span class='ocrx_word' id='word_1_6' title='bbox 487 416 605 482; x_wconf 84' lang='lat' dir='ltr'>Gibalas</span> <span class='ocrx_word' id='word_1_7' title='bbox 620 419 838 497; x_wconf 85' lang='lat' dir='ltr'>instruentem,</span> <span class='ocrx_word' id='word_1_8' title='bbox 851 420 1027 504; x_wconf 85' lang='lat' dir='ltr'>repentinus</span> <span class='ocrx_word' id='word_1_9' title='bbox 1044 423 1209 506; x_wconf 84' lang='lat' dir='ltr'>oppressit,</span> 
     </span>
     <span class='ocr_line' id='line_1_3' title="bbox 264 514 1211 614; baseline 0.005 -23"><span class='ocrx_word' id='word_1_10' title='bbox 264 530 408 612; x_wconf 89' lang='lat' dir='ltr'>omnique</span> <span class='ocrx_word' id='word_1_11' title='bbox 430 530 606 604; x_wconf 85' lang='lat' dir='ltr'>Dardania,</span> <span class='ocrx_word' id='word_1_12' title='bbox 624 514 761 606; x_wconf 84' lang='lat' dir='ltr'>Moesia,</span> <span class='ocrx_word' id='word_1_13' title='bbox 782 531 960 594; x_wconf 81' lang='lat' dir='ltr'>Macedonia</span> <span class='ocrx_word' id='word_1_14' title='bbox 988 531 1126 614; x_wconf 80' lang='lat' dir='ltr'>potitus,</span> <span class='ocrx_word' id='word_1_15' title='bbox 1148 553 1211 596; x_wconf 80' lang='lat' dir='ltr'>uu·</span> 
     </span>
     <span class='ocr_line' id='line_1_4' title="bbox 264 640 781 724; baseline 0.004 -24"><span class='ocrx_word' id='word_1_16' title='bbox 264 661 395 702; x_wconf 83' lang='lat' dir='ltr'>morosas</span> <span class='ocrx_word' id='word_1_17' title='bbox 418 640 589 724; x_wconf 78' lang='lat' dir='ltr'>provincias</span> <span class='ocrx_word' id='word_1_18' title='bbox 612 640 781 723; x_wconf 86' lang='lat' dir='ltr'>occupavit.</span> 
     </span>
    </p>
   </div>
   <div class='ocr_carea' id='block_1_3' title="bbox 94 787 1206 2079">
    <p class='ocr_par' dir='ltr' id='par_1_3' title="bbox 306 787 1204 888">
     <span class='ocr_line' id='line_1_5' title="bbox 306 787 1204 888; baseline 0.002 -21"><span class='ocrx_word' id='word_1_19' title='bbox 306 803 399 888; x_wconf 84' lang='lat' dir='ltr'>Cap.</span> <span class='ocrx_word' id='word_1_20' title='bbox 419 805 472 864; x_wconf 84' lang='lat' dir='ltr'>Vl.</span> <span class='ocrx_word' id='word_1_21' title='bbox 493 803 586 866; x_wconf 85' lang='lat' dir='ltr'>Varia</span> <span class='ocrx_word' id='word_1_22' title='bbox 618 795 760 887; x_wconf 77' lang='lat' dir='ltr'>deinceps</span> <span class='ocrx_word' id='word_1_23' title='bbox 788 802 869 866; x_wconf 89' lang='lat' dir='ltr'>inter</span> <span class='ocrx_word' id='word_1_24' title='bbox 889 787 950 866; x_wconf 26' lang='lat' dir='ltr'>&#39;eos</span> <span class='ocrx_word' id='word_1_25' title='bbox 970 803 1048 866; x_wconf 87' lang='lat' dir='ltr'>bella</span> <span class='ocrx_word' id='word_1_26' title='bbox 1064 848 1073 879; x_wconf 87' lang='lat'><em>,</em></span> <span class='ocrx_word' id='word_1_27' title='bbox 1092 815 1123 866; x_wconf 87' lang='lat' dir='ltr'>et</span> <span class='ocrx_word' id='word_1_28' title='bbox 1141 826 1204 888; x_wconf 84' lang='lat' dir='ltr'>pax</span> 
     </span>
    </p>

    <p class='ocr_par' dir='ltr' id='par_1_4' title="bbox 94 911 1206 2079">
     <span class='ocr_line' id='line_1_6' title="bbox 184 911 1205 996; baseline 0.004 -22"><span class='ocrx_word' id='word_1_29' title='bbox 184 919 251 965; x_wconf 74' lang='lat' dir='ltr'>M·</span> <span class='ocrx_word' id='word_1_30' title='bbox 268 915 461 981; x_wconf 84' lang='lat' dir='ltr'>reconciliata</span> <span class='ocrx_word' id='word_1_31' title='bbox 480 912 630 996; x_wconf 76' lang='lat' dir='ltr'>ruptaque</span> <span class='ocrx_word' id='word_1_32' title='bbox 645 925 701 976; x_wconf 87' lang='lat' dir='ltr'>cst.</span> <span class='ocrx_word' id='word_1_33' title='bbox 719 914 878 974; x_wconf 82' lang='lat' dir='ltr'>Postremo</span> <span class='ocrx_word' id='word_1_34' title='bbox 897 911 1031 974; x_wconf 90' lang='lat' dir='ltr'>Licinius</span> <span class='ocrx_word' id='word_1_35' title='bbox 1053 913 1152 978; x_wconf 72' lang='lat' dir='ltr'>navab</span> <span class='ocrx_word' id='word_1_36' title='bbox 1170 928 1205 978; x_wconf 87' lang='lat' dir='ltr'>et</span> 
     </span>
     <span class='ocr_line' id='line_1_7' title="bbox 184 1004 1204 1128; baseline 0.003 -45"><span class='ocrx_word' id='word_1_37' title='bbox 184 1004 254 1128; x_wconf 33' lang='grc' dir='ltr'>ἐξ</span> <span class='ocrx_word' id='word_1_38' title='bbox 268 1021 405 1084; x_wconf 73' lang='lat' dir='ltr'>terrestri</span> <span class='ocrx_word' id='word_1_39' title='bbox 425 1024 542 1105; x_wconf 84' lang='lat' dir='ltr'>proelio</span> <span class='ocrx_word' id='word_1_40' title='bbox 560 1023 682 1098; x_wconf 83' lang='lat' dir='ltr'>victus,</span> <span class='ocrx_word' id='word_1_41' title='bbox 701 1023 781 1104; x_wconf 80' lang='lat' dir='ltr'>apud</span> <span class='ocrx_word' id='word_1_42' title='bbox 799 1023 1008 1084; x_wconf 80' lang='lat' dir='ltr'>Nicomediam</span> <span class='ocrx_word' id='word_1_43' title='bbox 1026 1043 1058 1085; x_wconf 89' lang='lat' dir='ltr'>se</span> <span class='ocrx_word' id='word_1_44' title='bbox 1077 1022 1204 1099; x_wconf 77' lang='lat' dir='ltr'>dedidit,</span> 
     </span>
     <span class='ocr_line' id='line_1_8' title="bbox 185 1129 1202 1217; baseline 0.001 -23"><span class='ocrx_word' id='word_1_45' title='bbox 185 1160 214 1217; x_wconf 76' lang='lat'>1²·</span> <span class='ocrx_word' id='word_1_46' title='bbox 225 1161 252 1206; x_wconf 77' lang='lat' dir='ltr'>c,</span> <span class='ocrx_word' id='word_1_47' title='bbox 269 1146 299 1194; x_wconf 90' lang='lat' dir='ltr'>et</span> <span class='ocrx_word' id='word_1_48' title='bbox 320 1145 426 1193; x_wconf 90' lang='lat' dir='ltr'>contra</span> <span class='ocrx_word' id='word_1_49' title='bbox 445 1130 621 1214; x_wconf 80' lang='lat' dir='ltr'>religionem</span> <span class='ocrx_word' id='word_1_50' title='bbox 641 1129 821 1193; x_wconf 78' lang='lat' dir='ltr'>sacramenti</span> <span class='ocrx_word' id='word_1_51' title='bbox 836 1130 1047 1193; x_wconf 88' lang='lat' dir='ltr'>Thessalouiae</span> <span class='ocrx_word' id='word_1_52' title='bbox 1066 1131 1202 1215; x_wconf 80' lang='lat' dir='ltr'>privatus</span> 
     </span>
     <span class='ocr_line' id='line_1_9' title="bbox 94 1232 1202 1322; baseline -0.003 -19"><span class='ocrx_word' id='word_1_53' title='bbox 94 1264 97 1273; x_wconf 92' lang='lat'><em>·</em></span> <span class='ocrx_word' id='word_1_54' title='bbox 202 1243 232 1285; x_wconf 73' lang='grc' dir='ltr'>Ν·</span> <span class='ocrx_word' id='word_1_55' title='bbox 268 1241 384 1302; x_wconf 85' lang='lat' dir='ltr'>occisus</span> <span class='ocrx_word' id='word_1_56' title='bbox 399 1251 452 1302; x_wconf 87' lang='lat' dir='ltr'>est.</span> <span class='ocrx_word' id='word_1_57' title='bbox 473 1242 519 1305; x_wconf 85' lang='lat' dir='ltr'>Eo</span> <span class='ocrx_word' id='word_1_58' title='bbox 538 1251 676 1322; x_wconf 86' lang='lat' dir='ltr'>tempore</span> <span class='ocrx_word' id='word_1_59' title='bbox 695 1260 743 1300; x_wconf 88' lang='lat' dir='ltr'>res</span> <span class='ocrx_word' id='word_1_60' title='bbox 756 1239 893 1300; x_wconf 85' lang='lat' dir='ltr'>Romana</span> <span class='ocrx_word' id='word_1_61' title='bbox 909 1235 967 1298; x_wconf 91' lang='lat' dir='ltr'>sub</span> <span class='ocrx_word' id='word_1_62' title='bbox 981 1257 1045 1298; x_wconf 91' lang='lat' dir='ltr'>uuo</span> <span class='ocrx_word' id='word_1_63' title='bbox 1061 1232 1202 1321; x_wconf 67' lang='lat' dir='ltr'>Augusto</span> 
     </span>
     <span class='ocr_line' id='line_1_10' title="bbox 182 1303 1201 1432; baseline -0.004 -20"><span class='ocrx_word' id='word_1_64' title='bbox 182 1303 253 1368; x_wconf 64' lang='lat'>&#39;325</span> <span class='ocrx_word' id='word_1_65' title='bbox 268 1362 298 1412; x_wconf 89' lang='lat' dir='ltr'>et</span> <span class='ocrx_word' id='word_1_66' title='bbox 318 1350 415 1412; x_wconf 86' lang='lat' dir='ltr'>tribus</span> <span class='ocrx_word' id='word_1_67' title='bbox 446 1348 647 1422; x_wconf 81' lang='lat' dir='ltr'>Caesaribus,</span> <span class='ocrx_word' id='word_1_68' title='bbox 666 1346 773 1431; x_wconf 91' lang='lat' dir='ltr'>(quod</span> <span class='ocrx_word' id='word_1_69' title='bbox 806 1367 961 1428; x_wconf 89' lang='lat' dir='ltr'>nunquam</span> <span class='ocrx_word' id='word_1_70' title='bbox 992 1345 1103 1432; x_wconf 87' lang='lat' dir='ltr'>alias,)</span> <span class='ocrx_word' id='word_1_71' title='bbox 1123 1345 1201 1421; x_wconf 78' lang='lat' dir='ltr'>fnit,</span> 
     </span>
     <span class='ocr_line' id='line_1_11' title="bbox 267 1446 1200 1541; baseline -0.005 -21"><span class='ocrx_word' id='word_1_72' title='bbox 267 1482 336 1541; x_wconf 80' lang='lat' dir='ltr'>cum</span> <span class='ocrx_word' id='word_1_73' title='bbox 371 1458 460 1519; x_wconf 81' lang='lat' dir='ltr'>liberi</span> <span class='ocrx_word' id='word_1_74' title='bbox 493 1455 688 1525; x_wconf 78' lang='lat' dir='ltr'>Constantini</span> <span class='ocrx_word' id='word_1_75' title='bbox 721 1455 836 1516; x_wconf 84' lang='lat' dir='ltr'>Galliae</span> <span class='ocrx_word' id='word_1_76' title='bbox 848 1497 858 1528; x_wconf 90' lang='lat'><strong><em>,</em></strong></span> <span class='ocrx_word' id='word_1_77' title='bbox 882 1452 1002 1515; x_wconf 85' lang='lat' dir='ltr'>Orienti</span> <span class='ocrx_word' id='word_1_78' title='bbox 1038 1446 1200 1534; x_wconf 51' lang='lat' dir='ltr'>Italiaeque</span> 
     </span>
     <span class='ocr_line' id='line_1_12' title="bbox 266 1560 1200 1652; baseline -0.005 -24"><span class='ocrx_word' id='word_1_79' title='bbox 266 1578 453 1652; x_wconf 81' lang='lat' dir='ltr'>praeessent.</span> <span class='ocrx_word' id='word_1_80' title='bbox 472 1568 589 1643; x_wconf 70' lang='lat' dir='ltr'>Verum</span> <span class='ocrx_word' id='word_1_81' title='bbox 610 1563 770 1627; x_wconf 87' lang='lat' dir='ltr'>insolentia</span> <span class='ocrx_word' id='word_1_82' title='bbox 791 1584 894 1623; x_wconf 88' lang='lat' dir='ltr'>rerum</span> <span class='ocrx_word' id='word_1_83' title='bbox 913 1560 1113 1624; x_wconf 87' lang='lat' dir='ltr'>secundarum</span> <span class='ocrx_word' id='word_1_84' title='bbox 1147 1561 1200 1623; x_wconf 85' lang='lat' dir='ltr'>ali·</span> 
     </span>
     <span class='ocr_line' id='line_1_13' title="bbox 184 1669 1204 1761; baseline -0.016 -18"><span class='ocrx_word' id='word_1_85' title='bbox 184 1690 416 1761; x_wconf 74' lang='lat' dir='ltr'>acquantum</span> <span class='ocrx_word' id='word_1_86' title='bbox 437 1674 670 1739; x_wconf 89' lang='lat' dir='ltr'>Constantinum</span> <span class='ocrx_word' id='word_1_87' title='bbox 689 1693 727 1734; x_wconf 84' lang='lat' dir='ltr'>ex</span> <span class='ocrx_word' id='word_1_88' title='bbox 746 1673 797 1733; x_wconf 81' lang='lat' dir='ltr'>illa</span> <span class='ocrx_word' id='word_1_89' title='bbox 814 1670 973 1733; x_wconf 83' lang='lat' dir='ltr'>favorabili</span> <span class='ocrx_word' id='word_1_90' title='bbox 990 1670 1083 1731; x_wconf 78' lang='lat' dir='ltr'>animi</span> <span class='ocrx_word' id='word_1_91' title='bbox 1071 1669 1204 1732; x_wconf 65' lang='lat' dir='ltr'>docili</span> 
     </span>
     <span class='ocr_line' id='line_1_14' title="bbox 184 1778 1206 1905; baseline -0.009 -56"><span class='ocrx_word' id='word_1_92' title='bbox 184 1779 253 1905; x_wconf 37' lang='grc' dir='ltr'>ἐξ</span> <span class='ocrx_word' id='word_1_93' title='bbox 269 1797 331 1848; x_wconf 86' lang='lat' dir='ltr'>tate</span> <span class='ocrx_word' id='word_1_94' title='bbox 350 1780 487 1847; x_wconf 73' lang='lat' dir='ltr'>mutavit</span> <span class='ocrx_word' id='word_1_95' title='bbox 505 1784 641 1847; x_wconf 82' lang='lat' dir='ltr'>Primum</span> <span class='ocrx_word' id='word_1_96' title='bbox 660 1781 896 1844; x_wconf 84' lang='lat' dir='ltr'>necessitudines</span> <span class='ocrx_word' id='word_1_97' title='bbox 910 1790 1096 1862; x_wconf 84' lang='lat' dir='ltr'>persecutus,</span> <span class='ocrx_word' id='word_1_98' title='bbox 1109 1778 1206 1840; x_wconf 77' lang='lat' dir='ltr'>filium</span> 
     </span>
     <span class='ocr_line' id='line_1_15' title="bbox 215 1886 1204 1975; baseline -0.007 -19"><span class='ocrx_word' id='word_1_99' title='bbox 215 1930 218 1939; x_wconf 72' lang='lat'><em>‹</em></span> <span class='ocrx_word' id='word_1_100' title='bbox 269 1916 380 1967; x_wconf 89' lang='lat' dir='ltr'>suum,</span> <span class='ocrx_word' id='word_1_101' title='bbox 402 1893 555 1975; x_wconf 73' lang='lat' dir='ltr'>egregium</span> <span class='ocrx_word' id='word_1_102' title='bbox 572 1892 702 1964; x_wconf 75' lang='lat' dir='ltr'>virum,-</span> <span class='ocrx_word' id='word_1_103' title='bbox 699 1900 745 1951; x_wconf 89' lang='lat' dir='ltr'>-et</span> <span class='ocrx_word' id='word_1_104' title='bbox 762 1888 875 1951; x_wconf 85' lang='lat' dir='ltr'>sororis</span> <span class='ocrx_word' id='word_1_105' title='bbox 894 1890 1009 1962; x_wconf 84' lang='lat' dir='ltr'>filium,</span> <span class='ocrx_word' id='word_1_106' title='bbox 1028 1886 1204 1950; x_wconf 79' lang='lat' dir='ltr'>commodae</span> 
     </span>
     <span class='ocr_line' id='line_1_16' title="bbox 270 2000 1205 2079; baseline -0.005 -17"><span class='ocrx_word' id='word_1_107' title='bbox 270 2001 380 2062; x_wconf 89' lang='lat' dir='ltr'>indolis</span> <span class='ocrx_word' id='word_1_108' title='bbox 390 2001 566 2075; x_wconf 81' lang='lat' dir='ltr'>iuvenem,</span> <span class='ocrx_word' id='word_1_109' title='bbox 590 2000 765 2075; x_wconf 81' lang='lat' dir='ltr'>interiecit3</span> <span class='ocrx_word' id='word_1_110' title='bbox 785 2019 856 2060; x_wconf 86' lang='lat' dir='ltr'>mox</span> <span class='ocrx_word' id='word_1_111' title='bbox 885 2019 1011 2060; x_wconf 85' lang='lat' dir='ltr'>uxorem</span> <span class='ocrx_word' id='word_1_112' title='bbox 1023 2021 1034 2072; x_wconf 64' lang='grc' dir='ltr'><strong>ς</strong></span> <span class='ocrx_word' id='word_1_113' title='bbox 1048 2007 1129 2079; x_wconf 68' lang='lat' dir='ltr'>,post</span> <span class='ocrx_word' id='word_1_114' title='bbox 1149 2016 1205 2060; x_wconf 81' lang='lat' dir='ltr'>nu·</span> 
     </span>
    </p>
   </div>
   <div class='ocr_carea' id='block_1_4' title="bbox 269 2106 545 2170">
    <p class='ocr_par' dir='ltr' id='par_1_5' title="bbox 269 2106 545 2170">
     <span class='ocr_line' id='line_1_17' title="bbox 269 2106 545 2170; baseline -0.004 0"><span class='ocrx_word' id='word_1_115' title='bbox 269 2128 404 2170; x_wconf 82' lang='lat' dir='ltr'>morosos</span> <span class='ocrx_word' id='word_1_116' title='bbox 424 2106 545 2169; x_wconf 79' lang='lat' dir='ltr'>amicos.</span> 
     </span>
    </p>
   </div>
   <div class='ocr_carea' id='block_1_5' title="bbox 272 2252 1204 2467">
    <p class='ocr_par' dir='ltr' id='par_1_6' title="bbox 272 2250 1204 2467">
     <span class='ocr_line' id='line_1_18' title="bbox 311 2252 1204 2356; baseline -0.004 -21"><span class='ocrx_word' id='word_1_117' title='bbox 311 2270 408 2355; x_wconf 82' lang='lat' dir='ltr'>Cap.</span> <span class='ocrx_word' id='word_1_118' title='bbox 442 2273 509 2334; x_wconf 86' lang='lat' dir='ltr'>Vll.</span> <span class='ocrx_word' id='word_1_119' title='bbox 539 2272 600 2334; x_wconf 71' lang='lat' dir='ltr'>Vir</span> <span class='ocrx_word' id='word_1_120' title='bbox 634 2258 731 2355; x_wconf 87' lang='lat' dir='ltr'>primo</span> <span class='ocrx_word' id='word_1_121' title='bbox 761 2271 880 2356; x_wconf 82' lang='lat' dir='ltr'>imperii</span> <span class='ocrx_word' id='word_1_122' title='bbox 912 2259 1050 2353; x_wconf 79' lang='lat' dir='ltr'>ternpore</span> <span class='ocrx_word' id='word_1_123' title='bbox 1083 2252 1204 2354; x_wconf 81' lang='lat' dir='ltr'>optim-is</span> 
     </span>
     <span class='ocr_line' id='line_1_19' title="bbox 272 2358 1204 2467; baseline -0.003 -23"><span class='ocrx_word' id='word_1_124' title='bbox 272 2381 484 2467; x_wconf 79' lang='lat' dir='ltr'>principibus,</span> <span class='ocrx_word' id='word_1_125' title='bbox 505 2367 614 2443; x_wconf 86' lang='lat' dir='ltr'>ultimo</span> <span class='ocrx_word' id='word_1_126' title='bbox 646 2381 752 2443; x_wconf 88' lang='lat' dir='ltr'>mediis</span> <span class='ocrx_word' id='word_1_127' title='bbox 772 2371 1000 2464; x_wconf 83' lang='lat' dir='ltr'>comparandus.</span> <span class='ocrx_word' id='word_1_128' title='bbox 1026 2358 1204 2442; x_wconf 74' lang='lat' dir='ltr'>Innumerae</span> 
     </span>
    </p>
   </div>
   <div class='ocr_carea' id='block_1_6' title="bbox 188 2474 1212 3440">
    <p class='ocr_par' dir='ltr' id='par_1_7' title="bbox 271 2474 1206 2572">
     <span class='ocr_line' id='line_1_20' title="bbox 271 2474 1206 2572; baseline -0.01 -16"><span class='ocrx_word' id='word_1_129' title='bbox 271 2497 304 2556; x_wconf 90' lang='lat' dir='ltr'>in</span> <span class='ocrx_word' id='word_1_130' title='bbox 324 2515 360 2556; x_wconf 93' lang='lat' dir='ltr'>eo</span> <span class='ocrx_word' id='word_1_131' title='bbox 380 2490 472 2553; x_wconf 82' lang='lat' dir='ltr'>animi</span> <span class='ocrx_word' id='word_1_132' title='bbox 496 2489 691 2572; x_wconf 86' lang='lat' dir='ltr'>corporisque</span> <span class='ocrx_word' id='word_1_133' title='bbox 712 2487 838 2550; x_wconf 84' lang='lat' dir='ltr'>virtutes</span> <span class='ocrx_word' id='word_1_134' title='bbox 860 2489 1045 2550; x_wconf 83' lang='lat' dir='ltr'>claruerunt.</span> <span class='ocrx_word' id='word_1_135' title='bbox 1069 2474 1206 2571; x_wconf 81' lang='lat' dir='ltr'>Militaris</span> 
     </span>
    </p>

    <p class='ocr_par' dir='ltr' id='par_1_8' title="bbox 188 2596 1210 3118">
     <span class='ocr_line' id='line_1_21' title="bbox 226 2596 1205 2687; baseline -0.006 -23"><span class='ocrx_word' id='word_1_136' title='bbox 226 2667 231 2670; x_wconf 64' lang='grc'>,</span> <span class='ocrx_word' id='word_1_137' title='bbox 271 2604 385 2687; x_wconf 81' lang='lat' dir='ltr'>gloriae</span> <span class='ocrx_word' id='word_1_138' title='bbox 406 2597 698 2682; x_wconf 82' lang='lat' dir='ltr'>appetentissimus,</span> <span class='ocrx_word' id='word_1_139' title='bbox 717 2596 840 2657; x_wconf 77' lang='lat' dir='ltr'>fortuna</span> <span class='ocrx_word' id='word_1_140' title='bbox 875 2597 907 2656; x_wconf 92' lang='lat' dir='ltr'>iu</span> <span class='ocrx_word' id='word_1_141' title='bbox 941 2596 1024 2658; x_wconf 89' lang='lat' dir='ltr'>bellis</span> <span class='ocrx_word' id='word_1_142' title='bbox 1061 2616 1205 2679; x_wconf 85' lang='lat' dir='ltr'>prospera</span> 
     </span>
     <span class='ocr_line' id='line_1_22' title="bbox 188 2704 1204 2786; baseline -0.007 -15"><span class='ocrx_word' id='word_1_143' title='bbox 188 2710 255 2761; x_wconf 72' lang='grc' dir='ltr'>Μ·</span> <span class='ocrx_word' id='word_1_144' title='bbox 273 2710 330 2770; x_wconf 87' lang='lat' dir='ltr'>suit</span> <span class='ocrx_word' id='word_1_145' title='bbox 343 2754 353 2782; x_wconf 86' lang='lat'><strong>,</strong></span> <span class='ocrx_word' id='word_1_146' title='bbox 370 2731 476 2771; x_wconf 84' lang='lat' dir='ltr'>verum</span> <span class='ocrx_word' id='word_1_147' title='bbox 504 2707 564 2781; x_wconf 85' lang='lat' dir='ltr'>ita,</span> <span class='ocrx_word' id='word_1_148' title='bbox 582 2711 618 2767; x_wconf 79' lang='lat' dir='ltr'>u&#39;t</span> <span class='ocrx_word' id='word_1_149' title='bbox 653 2728 718 2768; x_wconf 94' lang='lat' dir='ltr'>non</span> <span class='ocrx_word' id='word_1_150' title='bbox 751 2718 908 2786; x_wconf 86' lang='lat' dir='ltr'>superaret</span> <span class='ocrx_word' id='word_1_151' title='bbox 941 2704 1099 2765; x_wconf 88' lang='lat' dir='ltr'>industria</span> <span class='ocrx_word' id='word_1_152' title='bbox 1127 2705 1204 2765; x_wconf 83' lang='lat' dir='ltr'>Nam</span> 
     </span>
     <span class='ocr_line' id='line_1_23' title="bbox 191 2793 1201 2920; baseline -0.002 -45"><span class='ocrx_word' id='word_1_153' title='bbox 191 2793 258 2920; x_wconf 63' lang='lat'>33‘2</span> <span class='ocrx_word' id='word_1_154' title='bbox 276 2815 365 2875; x_wconf 87' lang='lat' dir='ltr'>etiam</span> <span class='ocrx_word' id='word_1_155' title='bbox 377 2815 529 2912; x_wconf 86' lang='lat' dir='ltr'>Gothos,</span> <span class='ocrx_word' id='word_1_156' title='bbox 547 2825 617 2896; x_wconf 84' lang='lat' dir='ltr'>post</span> <span class='ocrx_word' id='word_1_157' title='bbox 635 2813 722 2876; x_wconf 88' lang='lat' dir='ltr'>civile</span> <span class='ocrx_word' id='word_1_158' title='bbox 743 2814 877 2897; x_wconf 79' lang='lat' dir='ltr'>bellum,</span> <span class='ocrx_word' id='word_1_159' title='bbox 896 2813 979 2876; x_wconf 83' lang='lat' dir='ltr'>varie</span> <span class='ocrx_word' id='word_1_160' title='bbox 1013 2813 1201 2897; x_wconf 74' lang='lat' dir='ltr'>profligavit,</span> 
     </span>
     <span class='ocr_line' id='line_1_24' title="bbox 238 2922 1209 3007; baseline 0.002 -24.075"><span class='ocrx_word' id='word_1_161' title='bbox 238 2944 355 3007; x_wconf 85' lang='lat' dir='ltr'>pace</span> <span class='ocrx_word' id='word_1_162' title='bbox 367 2923 404 2983; x_wconf 85' lang='lat' dir='ltr'>ad</span> <span class='ocrx_word' id='word_1_163' title='bbox 424 2935 611 3006; x_wconf 88' lang='lat' dir='ltr'>postremum</span> <span class='ocrx_word' id='word_1_164' title='bbox 631 2922 719 2983; x_wconf 88' lang='lat' dir='ltr'>data·</span> <span class='ocrx_word' id='word_1_165' title='bbox 711 2922 954 3006; x_wconf 79' lang='lat' dir='ltr'>3ingentemquc</span> <span class='ocrx_word' id='word_1_166' title='bbox 974 2924 1053 3005; x_wconf 88' lang='lat' dir='ltr'>apu&#39;d</span> <span class='ocrx_word' id='word_1_167' title='bbox 1066 2922 1209 2990; x_wconf 82' lang='lat' dir='ltr'>barbaras</span> 
     </span>
     <span class='ocr_line' id='line_1_25' title="bbox 274 3030 1210 3118; baseline 0 -24"><span class='ocrx_word' id='word_1_168' title='bbox 274 3043 379 3117; x_wconf 80' lang='lat' dir='ltr'>gentes</span> <span class='ocrx_word' id='word_1_169' title='bbox 398 3034 561 3097; x_wconf 84' lang='lat' dir='ltr'>memoriae</span> <span class='ocrx_word' id='word_1_170' title='bbox 584 3034 711 3118; x_wconf 83' lang='lat' dir='ltr'>gratiam</span> <span class='ocrx_word' id='word_1_171' title='bbox 736 3033 904 3095; x_wconf 83' lang='lat' dir='ltr'>collocavit.</span> <span class='ocrx_word' id='word_1_172' title='bbox 925 3030 1069 3096; x_wconf 78' lang='lat' dir='ltr'>Civilibus</span> <span class='ocrx_word' id='word_1_173' title='bbox 1093 3031 1210 3094; x_wconf 85' lang='lat' dir='ltr'>artibus</span> 
     </span>
    </p>

    <p class='ocr_par' dir='ltr' id='par_1_9' title="bbox 264 3137 1212 3440">
     <span class='ocr_line' id='line_1_26' title="bbox 264 3137 1212 3218; baseline 0.005 -20"><span class='ocrx_word' id='word_1_174' title='bbox 264 3150 306 3214; x_wconf 65' lang='lat' dir='ltr'>„et</span> <span class='ocrx_word' id='word_1_175' title='bbox 323 3137 430 3201; x_wconf 86' lang='lat' dir='ltr'>studiis</span> <span class='ocrx_word' id='word_1_176' title='bbox 450 3140 623 3208; x_wconf 75' lang='lat' dir='ltr'>liberalibus</span> <span class='ocrx_word' id='word_1_177' title='bbox 643 3142 785 3218; x_wconf 81' lang='lat' dir='ltr'>deditus3</span> <span class='ocrx_word' id='word_1_178' title='bbox 805 3139 963 3207; x_wconf 78' lang='lat' dir='ltr'>affectator</span> <span class='ocrx_word' id='word_1_179' title='bbox 983 3140 1056 3207; x_wconf 81' lang='lat' dir='ltr'>iusti</span> <span class='ocrx_word' id='word_1_180' title='bbox 1076 3139 1189 3203; x_wconf 81' lang='lat' dir='ltr'>amoris</span> <span class='ocrx_word' id='word_1_181' title='bbox 1200 3184 1212 3214; x_wconf 91' lang='lat'><em>‚</em></span> 
     </span>
     <span class='ocr_line' id='line_1_27' title="bbox 275 3248 1211 3335; baseline 0.002 -25"><span class='ocrx_word' id='word_1_182' title='bbox 275 3270 366 3331; x_wconf 81' lang='lat' dir='ltr'>quem</span> <span class='ocrx_word' id='word_1_183' title='bbox 385 3248 469 3309; x_wconf 89' lang='lat' dir='ltr'>omni</span> <span class='ocrx_word' id='word_1_184' title='bbox 489 3248 548 3309; x_wconf 88' lang='lat' dir='ltr'>sibi</span> <span class='ocrx_word' id='word_1_185' title='bbox 570 3263 601 3311; x_wconf 88' lang='lat' dir='ltr'>et</span> <span class='ocrx_word' id='word_1_186' title='bbox 620 3250 801 3335; x_wconf 83' lang='lat' dir='ltr'>liberalitato</span> <span class='ocrx_word' id='word_1_187' title='bbox 825 3252 1026 3315; x_wconf 73' lang='lat' dir='ltr'>ct‘sdocilitatc</span> <span class='ocrx_word' id='word_1_188' title='bbox 1044 3248 1211 3333; x_wconf 67' lang='lat' dir='ltr'>quaesivits</span> 
     </span>
     <span class='ocr_line' id='line_1_28' title="bbox 270 3356 1212 3440; baseline 0.003 -24"><span class='ocrx_word' id='word_1_189' title='bbox 270 3358 354 3426; x_wconf 79' lang='lat' dir='ltr'>‚sicut</span> <span class='ocrx_word' id='word_1_190' title='bbox 388 3358 422 3419; x_wconf 94' lang='lat' dir='ltr'>in</span> <span class='ocrx_word' id='word_1_191' title='bbox 447 3356 611 3425; x_wconf 84' lang='lat' dir='ltr'>nonnullos</span> <span class='ocrx_word' id='word_1_192' title='bbox 644 3358 757 3422; x_wconf 82' lang='lat' dir='ltr'>amieos</span> <span class='ocrx_word' id='word_1_193' title='bbox 796 3357 903 3422; x_wconf 87' lang='lat' dir='ltr'>dubius</span> <span class='ocrx_word' id='word_1_194' title='bbox 916 3405 927 3435; x_wconf 94' lang='lat'>‚</span> <span class='ocrx_word' id='word_1_195' title='bbox 948 3360 990 3423; x_wconf 91' lang='lat' dir='ltr'>ita</span> <span class='ocrx_word' id='word_1_196' title='bbox 1007 3358 1212 3440; x_wconf 73' lang='lat' dir='ltr'>,inreliquos</span> 
     </span>
    </p>
   </div>
   <div class='ocr_carea' id='block_1_7' title="bbox 0 0 1314 4017">
    <p class='ocr_par' dir='ltr' id='par_1_10' title="bbox 0 0 1314 4017">
     <span class='ocr_line' id='line_1_29' title="bbox 0 0 1314 4017; baseline 0 0"><span class='ocrx_word' id='word_1_197' title='bbox 0 0 1314 4017; x_wconf 95' lang='lat' dir='ltr'> </span> 
     </span>
    </p>
   </div>
  </div>
 </body>
</html>
