2617 4017
240 265 289 332 72
572 267 839 334 EUTROPII

237 446 344 497 contra
376 433 547 525 Germanos
578 434 733 517 suscepit,
764 447 796 497 et
828 434 979 518 ingressus
1007 436 1148 499 Sueviam
1165 463 1189 513 ,-

238 543 313 606 nihil
332 536 456 605 strenue
488 543 570 616 iecit.
591 547 704 626 Stupra
732 544 888 606 sororibus
912 543 1015 605 intulit
1031 569 1041 620 ς
1058 566 1093 605 ex
1113 569 1179 608 una
1278 622 1279 625 Ἴ

239 651 328 713 etiam
346 652 439 714 filiam
460 654 591 735 agnovit.
611 651 689 715 Cum
711 652 869 713 aduersum
902 645 1028 714 cunctos
1060 654 1204 737 ingenti‘

185 814 189 823 ,
237 759 384 835 avaritia,
405 758 555 835 libidine,
574 760 751 821 crudelitate
771 759 923 835 saeviret,
944 760 1151 823 interfectus
1140 786 1177 824 ru

182 862 190 878 '
236 866 346 950 palatio
366 880 412 929 est
431 888 511 929 anno
541 867 644 931 aetatis
667 884 766 965 xxnt,
784 868 904 952 imperii
923 886 982 944 111,
1002 892 1104 932 meuse
1124 887 1176 948 x,

238 972 384 1062 dicque
366 992 435 1039 vlu.

278 1143 370 1228 Cap.
391 1146 471 1206 Xlll.
491 1088 618 1232 (Vlll.)
644 1146 717 1208 Post
736 1145 818 1207 hunc
848 1154 1001 1207 eunomus
1027 1143 1104 1219 luit,
1125 1166 1179 1227 pa·
1266 1206 1270 1214 ,

238 1254 331 1314 truus'
346 1251 519 1336 Caligulae,
538 1256 656 1330 Drusi,
675 1255 728 1338 qui
747 1257 827 1338 apud
859 1255 1086 1337 Mogontiacum
1112 1274 1179 1315 mo-

240 1373 419 1450 numentum
439 1361 543 1436 habet,
562 1362 653 1438 filius,
679 1363 763 1423 cuius
782 1376 813 1424 et
831 1360 965 1445 Caligula
984 1383 1078 1444 nepos
1100 1374 1176 1424 erat.

239 1470 297 1533 Hic
317 1470 445 1531 medie'
436 1471 619 1552 imperavit,
641 1466 736 1532 multa
755 1492 862 1553 gerens
893 1452 1055 1552 tranquille
1087 1482 1190 1553 atquc.
1266 1540 1270 1547 p

131 1633 138 1644 ,
172 1576 416 1663 moderate,
438 1580 582 1675 quaedam
605 1578 769 1640 crudeliter
797 1588 827 1641 et
856 1579 978 1640 insulse.
1001 1578 1179 1665 Britanniae
1243 1554 1245 1563 Ι

155 1728 184 1775 ι,
198 1727 226 1775 0
240 1683 354 1748 bellum
374 1671 497 1762 intulit,
515 1702 604 1769 quarn
626 1682 726 1749 nullus
747 1688 956 1750 Romanorum
978 1700 1047 1770 post
1066 1665 1178 1749 lullum

176 1810 206 1867 tt·
240 1794 398 1860 Caesarem
434 1795 600 1878 attigerat,-
618 1817 714 1880 eaque
747 1795 864 1858 devicta
884 1819 940 1879 per
960 1795 1018 1860 Cn.
1038 1797 1179 1859 Sentium

76 1974 78 1979 p
168 1872 217 1939 43
241 1902 327 1967 een.
347 1904 514 1979 Plautium,
536 1903 667 1966 illustres
686 1916 717 1964 et
735 1904 850 1967 nobiles
869 1907 970 1980 viros,
990 1906 1180 1989 triumphum

188 2021 198 2031 '
241 2011 390 2073 celebrem
411 2013 482 2094 egit
490 2013 666 2115 Quasdam
684 2014 796 2076 insulas
818 2015 930 2086 etiarn,
947 2012 1027 2110 ultra
1056 2012 1182 2074 Britan·

241 2120 322 2184 ιιίιιιι
342 2122 375 2182 iu
396 2120 518 2183 Oceano
541 2108 676 2203 positas,
703 2125 841 2185 Romano
877 2120 1004 2203 imperio
1038 2120 1194 2198 addidit,

242 2240 318 2314 quac
335 2228 524 2313 appellantur
545 2231 695 2310 Orcades,
714 2233 837 2316 filioque
856 2251 912 2293 suo
932 2227 1102 2292 Britannici
1122 2246 1180 2288 no·

208 2388 211 2397 ·
241 2328 325 2405 meu:
334 2340 486 2423 imposuit.
506 2341 583 2402 Tam
606 2341 700 2403 civilis
720 2343 824 2402 autem'
842 2340 921 2400 circa
941 2338 1086 2422 quosdam
1105 2334 1181 2396 ami·

241 2472 294 2515 coc
314 2452 449 2526 exstitit,
468 2463 508 2512 ut
523 2424 614 2512 etiarn
634 2451 800 2525 Plautium,
822 2448 955 2510 nobilem
983 2447 1105 2520 vuum,
1124 2445 1179 2526 qui

240 2563 275 2625 in
292 2561 481 2646 expeditione
494 2561 671 2623 Britannica
689 2559 783 2622 multa
801 2557 919 2641 egregie
936 2556 1057 2628 lecerat,
1071 2553 1196 2615 trium··

148 2704 152 2711 ¹
180 2742 183 2745 Α
242 2671 385 2756 phantem
406 2672 470 2752 ipse
490 2679 750 2753 prosequeretur,
771 2653 1037 2727 et'conscendenti
1057 2660 1181 2744 Capito·

119 2786 124 2793 '
157 2803 226 2854 m,
242 2780 315 2842 lium
336 2780 436 2869 laevus
458 2780 623 2840 incederet.
643 2780 670 2839 Is
689 2778 765 2840 vixit
784 2797 879 2837 anuos
902 2792 935 2837 lv
953 2788 983 2836 et
1002 2791 1061 2847 Lx,
1083 2773 1197 2852 impr·-

175 2889 205 2933 tt.
220 2886 223 2891 ’
240 2886 319 2950 ravit
337 2903 403 2949 xtv.
424 2888 497 2950 Post
513 2888 642 2948 multem
663 2896 856 2947 consecratus
878 2894 923 2945 est
947 2882 1093 2965 dirusque
1125 2901 1180 2965 ap-

169 2952 216 3017 54
240 2995 380 3093 pellatur.

282 3157 381 3243 Cap·
397 3161 480 3247 ptlv.
506 3159 583 3243 (IX.
596 3163 615 3247 l
629 3157 782 3222 Successit
802 3157 874 3220 huic
894 3172 995 3232 nuno,
1016 3154 1179 3239 Caligulae,
1195 3198 1199 3205 -

242 3270 393 3335 avunculo
418 3290 497 3342 suo,
516 3268 705 3341 simillimus,
727 3266 780 3349 qui
810 3267 970 3348 imperium
1004 3267 1198 3327 Romanurn¹

241 3390 273 3441 ct
293 3378 472 3446 deformarit
491 3378 537 3442 let
568 3375 738 3459 deminuit:
760 3362 919 3438 inusitatae
940 3374 1077 3451 luxuriae
1097 3392 1180 3433 surn-
