2617 4017
269 277 313 341 so
595 276 857 343 nurnorn
935 311 970 367 ,μ

266 464 301 504 er
322 432 456 525 gaudio,
475 463 531 504 nec
549 465 585 504 ex
603 465 743 507 moerore
762 456 904 508 mutaret.
924 445 1132 530 Philosophiae
1149 448 1208 514 de·

164 608 167 627 ¹
232 554 233 557 ’
259 551 347 612 ditus
366 550 507 623 Stoicac3
530 554 594 635 ipse
626 553 716 615 etiarn
738 574 802 615 nora
819 555 918 617 solum
936 555 1016 616 vitae
1038 554 1205 630 moribus,

257 660 315 721 -sed
335 659 425 721 etiam
442 641 614 723 eruditione
630 663 825 745 philosophus
841 675 973 725 :tantae
993 663 1204 725 admirationis
1239 726 1241 729 ,

264 769 361 831 adhuc
384 770 527 846 iuvenis,
546 782 581 833 ut
602 793 672 833 eum
694 793 897 861 successorem
919 773 1070 855 paraverit
1091 773 1206 836 Hadri-

214 930 217 937 ,
266 901 341 953 anus
361 879 552 962 relinquere:
573 880 714 962 adoptato
745 892 845 941 tamen
869 880 1028 942 Antonino
1049 882 1102 942 Pio
1118 927 1128 956 ,
1147 898 1204 965 ge·

211 1070 213 1073 ¹
268 1011 376 1050 nerum
397 1010 460 1049 esse
482 987 509 1049 ei
527 988 640 1049 idcireo
660 989 812 1064 voluerit,
832 1000 867 1051 ut
886 989 943 1051 hoc
962 988 1069 1069 ordine
1089 991 1126 1052 ad
1144 992 1205 1055 irn-

258 1095 383 1191 ‘pe'rium
404 1099 586 1182 perveniret.

307 1248 403 1346 Cap.
440 1267 508 1327 ΧΗ.
545 1266 705 1327 institutus
742 1277 788 1326 est
822 1267 860 1328 ad
890 1264 1109 1348 philosophiam
1143 1287 1203 1349 per

261 1373 467 1456 Apollonium
503 1372 763 1448 Chalcedonium3
790 1376 827 1435 ad
856 1377 1011 1439 scientiam
1045 1377 1202 1438 literarum

268 1486 455 1544 Graecarum
473 1505 528 1566 per
546 1487 669 1546 Sextum
690 1479 957 1559 Chaeronensem,
977 1484 1129 1547 Plutarchi
1148 1506 1204 1546 ne·

268 1606 394 1674 potem,
416 1594 534 1654 Latinas
570 1596 669 1652 autem
704 1590 804 1652 literas
838 1613 917 1653 eum·
940 1580 1078 1667 Florio,
1097 1605 1205 1654 orator

159 1760 162 1766 ,
216 1684 234 1771 ’,ἢ
269 1696 489 1776 nobilissimus,
510 1700 624 1761 docuit.
645 1701 706 1761 Hic
725 1722 793 1760 cum
812 1702 952 1762 omnihus
972 1703 1086 1763 Romae
1103 1722 1203 1782 aequo

259 1814 336 1872 'iure
354 1814 414 1894 egit
425 1854 436 1884 ,
461 1811 499 1871 ad
519 1810 631 1872 nullam
653 1808 844 1870 insolentiam
865 1810 957 1871 elatus
985 1811 1102 1893 imperii
1120 1790 1207 1870 lasti·

256 1927 344 2008 gio:
387 1919 569 1982 liberalitatis
607 1918 849 2000 pr'omtissimae:
882 1919 1052 2001 provincias
1086 1919 1205 2003 ingenti

255 2029 457 2112 henignitate
473 2039 505 2088 et
523 2026 731 2087 moderatione
750 2027 898 2087 tractavit.
930 2023 1045 2086 Contra
1076 2026 1206 2087 Germa·

271 2161 327 2200 nos
346 2158 383 2200 eo
405 2137 542 2220 principe
562 2154 610 2221 res
632 2137 759 2196 feliciter
778 2134 877 2218 gestae
898 2145 979 2195 sunt.
998 2133 1118 2196 Bellum
1139 2135 1204 2217 ipse

265 2270 371 2337 aruum¹
386 2246 477 2343 gessit
494 2247 771 2308 Marcomannicum
781 2291 791 2321 ,
809 2245 861 2305 sed
881 2256 1026 2328 quantum
1044 2245 1125 2305 nulla
1143 2265 1208 2304 me·

253 2358 368 2424 ¹morio
387 2358 464 2432 fuit,
487 2357 561 2417 adeo
582 2369 617 2416 ut
626 2355 757 2417 -Punicis
779 2355 962 2416 conferatur.
981 2355 1116 2414 Nam'eo'
1138 2374 1207 2435 gra·
1249 2370 1252 2375 ’

271 2469 337 2531 rius
358 2464 553 2541 estfactum,
575 2456 662 2547 quod
678 2463 812 2526 universi
834 2463 981 2524 exercitus
1005 2464 1133 2525 Romani
1151 2485 1206 2545 pe·

271 2577 395 2639 rierant.
416 2575 480 2638 suh
500 2576 558 2635 hoc
577 2574 657 2634 enim
690 2585 792 2633 tantus
810 2594 894 2633 casus
916 2572 1099 2654 pestilentiae
1120 2573 1205 2658 luit,

255 2699 317 2759 -ut,
338 2697 407 2768 post
425 2683 582 2744 victoriam
613 2683 785 2756 Persicam,
806 2683 921 2743 llomae
949 2703 983 2743 ac
1003 2703 1056 2764 per
1089 2682 1205 2755 ltaliam

223 2840 226 2846 -
252 2784 503 2876 provinciasque
523 2793 649 2852 maxima
671 2792 830 2852 hominum
844 2812 933 2873 pars,
952 2791 1082 2851 militum
1099 2809 1208 2851 omnes

183 2919 188 2925 “
275 2908 339 2966 sere
357 2903 461 2986 copiae
481 2902 626 2986 languore
646 2900 820 2961 defecerint.

315 3064 422 3150 Cap.v
438 3065 520 3129 x111.
553 3066 672 3150 lugenti
701 3085 774 3148 ergo
802 3063 907 3126 labore
927 3074 958 3127 et
979 3062 1211 3140 moderatione,

276 3201 346 3240 rum
376 3175 456 3257 apud
490 3171 681 3241 Carnuntum
717 3173 781 3257 iugi
801 3173 935 3234 triennio
967 3184 1212 3256 perseverasset,

276 3287 388 3351 bellum
410 3278 688 3347 Marcomannicum
702 3281 947 3368 ·confecit,·quod
967 3303 1037 3343 cum
1055 3261 1100 3342 his
1122 3283 1208 3359 Qua·
1276 3314 1281 3325 ι

278 3397 332 3470 di,
350 3391 501 3468 Vandali,
521 3392 672 3456 Sarmatae
681 3437 692 3467 ,
713 3386 805 3456 saevi
823 3400 915 3474 atque
953 3390 1053 3453 omnis
1072 3389 1213 3454 barbaria
