2617 4017
501 272 656 368 uranu
685 303 739 362 u.
1038 300 1087 364 ea

136 504 141 509 ·
195 464 288 549 Cap.
311 467 409 528 xxlt.
432 450 554 553 (Xvu.)
576 467 648 529 Mox
677 464 787 530 Caesar
807 465 1018 530 Alexandriam
1039 487 1088 526 vc-

150 574 210 638 nit.
232 575 291 659 lpsi
323 594 445 658 quoque
475 574 663 638 Ptolemaeus
700 596 806 659 parare
826 574 922 637 voluit
941 574 1087 647 insidias;

150 705 213 768 qua
233 705 322 745 eausa
341 683 405 767 regi
427 683 537 747 bellum
556 678 672 747 illatum
689 696 745 747 est.
764 684 872 747 Victus
893 683 927 744 in
946 681 1016 744 Nilo
1036 701 1088 763 pe·

149 793 230 868 riit,
249 791 466 874 inventumque
489 803 534 853 est
553 777 664 874 corpus
683 793 746 855 eius
767 780 951 855 cum'lorica
982 811 1084 852 aurea.
1137 862 1143 869 ο

149 897 264 960 Caesar
283 890 462 962 Alexandria
483 900 597 983 potitus
611 923 628 976 ,¹
642 921 770 983 regnum
785 898 969 982 Cleopatrae
993 897 1086 970 dedit,

140 1008 318 1071 :Ptolemaei
340 1009 475 1084 sorori,
511 1030 580 1070 oum
612 1029 672 1092 qua
705 1009 954 1077 consuetudinem
989 1010 1086 1091 stupri

152 1115 309 1189 habuerat.
332 1117 465 1179 Rediens
487 1117 558 1179 inde
580 1114 691 1181 Caesar
707 1117 913 1204 Pharnacem,
931 1113 1102 1199 Mithrida*

151 1220 192 1283 tis
224 1222 326 1307 Magni
359 1224 475 1302 filium,
503 1227 556 1311 qui
586 1229 732 1310 Pompeio
769 1226 801 1287 in
831 1223 974 1287 auxillum
1005 1223 1086 1308 apud

151 1330 333 1399 Thessaliam
353 1334 473 1410 luerat,
495 1335 689 1413 rebellantem
709 1336 746 1398 iu·
760 1312 884 1416 Ponto,
901 1345 991 1416 atque
1010 1331 1086 1393 mul·

148 1456 196 1504 tas
214 1443 320 1526 populi
341 1445 470 1533 Romani
487 1444 664 1529 provincias.
675 1456 898 1528 occupantem,
917 1441 990 1523 visit
1011 1439 1085 1514 κοίη
1100 1472 1170 1520 nu.

150 1562 256 1634 postea
276 1552 315 1613 ad
331 1530 467 1638 mortem¹
480 1553 590 1636 coegit.
1000 1632 1003 1637 .
1101 1536 1144 1601 70

187 1716 286 1801 cap.
307 1719 419 1779 xxut.
450 1699 611 1803 (xvtu.)
642 1675 719 1778 ‘anae
736 1717 879 1789 nomam
910 1726 1086 1795 regressus,

136 1825 244 1887 tertio
266 1844 298 1887 se
320 1818 475 1886 consulem
492 1825 566 1887 serit
584 1847 653 1886 eum
673 1826 716 1887 M.
736 1822 867 1888 Aemilio
886 1821 1012 1905 Lepido,
1035 1821 1087 1904 qui
1100 1858 1167 1903 Μ,

30 1930 36 1933 ’
149 1933 180 1994 ei
202 1921 341 1995 dictatori
360 1931 499 2016 magister
513 1934 652 2018 equitum
667 1945 737 1996 ante
757 1952 869 1996 annum
883 1932 993 1992 luerat.
1015 1928 1087 2003 lude
1103 1922 1168 1991 706

139 2041 184 2103 in
204 2040 339 2105 Africam
372 2042 527 2141 profectus
558 2054 624 2118 est,
640 2043 696 2106 ubi
716 2043 834 2105 infinita
857 2040 997 2104 nobilitas
1019 2059 1088 2099 cum

152 2150 246 2225 luha,
268 2150 465 2215 Mauritaniae
496 2167 590 2232 rege,
606 2150 729 2214 'bellurn
764 2161 967 2235 reparaverat.
987 2149 1087 2210 Duces

150 2272 251 2323 autem
271 2261 403 2323 Romani
424 2272 512 2336 eraut
527 2262 563 2322 P.
583 2259 744 2323 Cornelius
765 2260 890 2344 Scipio,
910 2280 946 2322 ex
977 2278 1087 2340 genere

151 2369 361 2452 antiquissimo·
390 2367 542 2454 Scipionis⁸
572 2367 708 2429 Africani
722 2389 731 2428 r
747 2366 778 2450 (
792 2368 840 2430 hie
876 2368 966 2429 etiam
999 2387 1086 2428 socer

151 2478 287 2561 Pompeii
304 2477 411 2562 Magni
429 2478 557 2560 luerat)
577 2476 621 2538 M.
646 2466 803 2550 Petreius,
826 2477 867 2553 Q.
893 2478 1018 2550 Varus,
1040 2476 1084 2536 Μ.
1210 2550 1216 2559 Δ

150 2578 392 2661 PorciusCato,
411 2589 445 2648 L.
466 2583 624 2648 Cornelius
645 2585 792 2656 Faustus,
812 2582 912 2644 Sullae
932 2582 1085 2646 dictatoris

83 2696 87 2699 Α
150 2694 242 2758 filius.
265 2691 380 2782 Contra
414 2672 492 2770 hus,
512 2695 672 2756 commisso
706 2689 847 2774 proelio,
874 2701 944 2772 post
976 2682 1084 2755 multas

149 2801 355 2871 dimicationes
375 2803 473 2864 victor
486 2803 545 2864 suit
563 2784 683 2866 Caesar.
705 2798 792 2875 Cato,
805 2799 917 2881 scipio,
932 2784 1084 2875 Patruus,

148 2910 242 2985 luba,
265 2911 323 2993 ipsi
345 2906 377 2973 se
397 2913 584 2976 occiderunt.
610 2915 763 2986 Faustus,
783 2908 919 2994 Pompeii
951 2930 1082 2994 genera
1115 2944 1124 2981 i

147 3015 273 3080 Caesare
290 3019 467 3084 interfectus
486 3031 542 3082 est.

110 3180 114 3184 ¹
188 3178 282 3264 Cap.
302 3184 414 3245 XXIV.
442 3183 555 3272 (XIX.)
572 3185 645 3246 Post
680 3207 793 3247 aunum
815 3183 925 3247 Caesar
953 3186 1080 3245 Romam
1095 3219 1163 3262 w„

146 3308 313 3370 regressus,
332 3305 439 3373 quarto
454 3314 485 3356 se
506 3295 661 3357 consulem
674 3294 748 3356 lecit
757 3338 767 3368 ,
786 3305 817 3356 et
835 3293 934 3355 statim
955 3290 993 3350 ad
1011 3290 1080 3350 His·
1096 3280 1161 3347 707.

150 3392 269 3482 panias
284 3412 330 3462 est
349 3402 527 3489 profectus,
550 3403 604 3467 ubi
625 3392 772 3489 ¹Pompeii
805 3403 882 3476 filii,
901 3397 1020 3464 Gnaeus
1050 3410 1081 3459 et
