2617 4017
491 295 647 367 LIBER
678 300 703 366 1.
1048 307 1070 369 9

136 457 273 537 tuissent,
294 479 421 547 querum
441 463 515 526 fletu
537 480 568 528 et
589 468 801 551 deprecatione
825 481 1005 550 snperttus,
1024 491 1072 531 re·

137 574 232 635 movit
250 574 424 636 exercitum.
438 574 539 657 Atque
559 577 606 637 hie
620 575 769 638 secundus
791 587 860 657 post
871 575 1070 659 Tarquinium

136 682 211 756 suit,
232 684 284 765 qui
303 682 362 746 dux
383 696 488 758 contra
509 686 637 766 patriam
657 708 742 746 suurn
763 696 850 745 esset.
882 727 885 732 «
970 715 998 736 .-

176 788 274 872 Cep.
295 793 377 853 XVI.
399 793 510 878 (XIV.)
533 792 669 855 Caesone
688 791 781 854 Fabio
802 803 833 851 et
851 790 908 850 tito
928 788 1069 871 Virginio
1083 819 1113 865 A.
1121 817 1153 868 15.

136 911 219 959 0088.
238 899 366 960 trecenti
396 902 512 962 uobiies
537 903 694 975 homines,
724 900 776 984 qui
794 922 830 960 ex
848 899 941 961 Fabia
960 899 1070 961 [emilia
1083 884 1154 949 275

138 1017 248 1079 erant,
269 1021 374 1069 eontra
393 1009 535 1069 Veientes
555 1009 665 1069 bellurn
694 1010 750 1069 soli
769 1021 986 1090 susceperunt,
1002 1029 1073 1089 pro·

137 1114 288 1174 mittentes
319 1118 436 1176 senatui
455 1129 486 1177 et
505 1118 641 1200 popqu,
663 1139 718 1199 per
744 1137 775 1177 se
796 1136 886 1175 omne
917 1126 1070 1175 certarnen

136 1219 330 1305 Implendum.
368 1226 469 1307 Itaque
500 1226 629 1308 profecti
661 1247 765 1286 ornnes
799 1224 914 1286 nobiles
925 1267 936 1296 ‚
959 1235 990 1284 et
1020 1222 1072 1305 qui

136 1332 245 1414 singuli
261 1355 439 1416 magnorum
473 1336 659 1396 exercituum
686 1306 871 1395 ducesesse
902 1330 1070 1405 deberent,
1156 1341 1159 1348 '

118 1441 169 1502 “in
189 1440 305 1522 proelio
336 1442 544 1503 conciderunt.
579 1446 667 1504 Unus
699 1440 824 1518 omnino
855 1440 1004 1524 superfuit
1033 1460 1071 1501 er

117 1562 219 1610 tanta
240 1549 373 1624 familia,
393 1552 445 1633 qui
465 1563 591 1634 propter
611 1564 738 1611 aetatem
757 1551 901 1632 puerilem
920 1549 990 1611 duci
1007 1569 1071 1609 non

135 1670 275 1741 potuerat
296 1659 334 1719 ad
356 1681 497 1741 pugnam.
524 1662 597 1720 Post
624 1661 822 1734 haecleensus
841 1658 873 1717 in
890 1656 967 1717 urbe
984 1654 1067 1717 hebi·
1096 1667 1102 1682 ⁷

134 1780 182 1827 tus
204 1780 272 1839 est,
298 1781 330 1827 et
347 1767 468 1827 inventa
499 1777 571 1826 sunt
598 1764 709 1826 ciuium
740 1763 837 1845 capita
855 1778 931 1826 em
950 1763 1065 1839 millia,

134 1886 260 1935 cccxrx.
711 1873 714 1883 '

175 1982 272 2064 Cap.
296 1984 389 2044 XVII.
425 1983 547 2068 (XV.)
571 1982 717 2066 Sequenti
749 2002 829 2045 anno
842 2028 852 2057 ,
876 2003 944 2042 cum
963 1980 997 2041 in
1019 1978 1071 2041 AI·

136 2093 206 2175 gido
225 2105 328 2153 monte
338 2137 347 2166 ‚
366 2091 403 2152 ab
423 2091 499 2153 urbe
523 2091 702 2153 duodecimo
725 2091 819 2152 ferme
839 2088 989 2163 milliario,
1007 2090 1071 2150 lto·

115 2206 240 2261 'minus
261 2201 450 2261 obsideretur
472 2201 642 2276 exercitus,
662 2203 697 2261 L.
726 2199 887 2276 Quinctius
909 2196 1070 2259 Cincinnn-

116 2318 184 2366 ¹tus
206 2308 335 2372 dictator
365 2320 411 2369 est
431 2308 553 2384 faetus3
584 2312 635 2392 qui
656 2332 760 2392 agrum
781 2320 911 2390 quatuor
929 2304 1067 2386 iugerum
1081 2318 1152 2365 su,

115 2444 120 2454 ·
137 2414 316 2496 possidens,
346 2415 484 2477 manibus
507 2417 567 2477 suis
588 2417 715 2478 colebat.
737 2418 763 2476 Is
785 2429 854 2476 eum
872 2415 904 2474 in
926 2430 1018 2495 opere
1037 2422 1069 2471 et
1082 2385 1153 2447 996

137 2544 223 2584 orans
244 2536 321 2586 esset
339 2526 501 2598 inventus,
520 2524 630 2584 sudore
651 2524 792 2596 deterso,
812 2535 913 2603 togam
934 2531 1070 2602 praetex-

136 2644 196 2693 tam
218 2632 353 2713 accepit,
375 2645 426 2706 et,
446 2632 537 2692 eaesis
558 2631 715 2704 hostibus,
736 2629 875 2689 liberavit
893 2628 1067 2688 exereitum·

52 2787 58 2806 ,
164 2735 273 2819 -Cap.
292 2741 402 2801 XVIII.
428 2739 548 2826 (XVI.)
567 2740 737 2822 Annoxccc
770 2748 800 2797 et
819 2735 913 2797 altero
935 2715 975 2794 ab'
989 2731 1151 2797 urbest).
1182 2729 1190 2822 Ἰ

137 2847 257 2907 condita
277 2848 437 2928 imperinm
469 2851 625 2909 consulare
650 2845 797 2918 cessavit,
818 2856 849 2904 et
872 2864 928 2925 pro
948 2841 1065 2903 duobus
1082 2817 1152 2878 3⁰¹²

137 2967 218 3014 cose.
239 2956 341 3015 decem
362 2955 433 3018 fecti
453 2969 547 3028 sunt,
569 2957 621 3037 qni
651 2977 796 3016 summam
822 2965 998 3035 potestatem
1017 2951 1068 3012 Ira·

138 3061 267 3137 herent,
300 3078 476 3124 Decemvlm
510 3062 665 3124 nominati.
700 3061 759 3125 Sed
779 3084 846 3122 eum
866 3061 963 3144 primo
987 3078 1068 3120 anno

117 3169 214 3236 ‘bene
235 3169 385 3252 egissent,
404 3172 535 3232 secundo
555 3193 635 3232 unus
655 3193 690 3231 ex
709 3171 764 3246 iis,
782 3169 898 3253 Appius
916 3167 1068 3241 Claudius,

137 3278 268 3359 virginii
286 3280 460 3354 cuiusdam,
482 3281 534 3363 qui
557 3280 690 3342 honestis
710 3278 769 3340 iam
788 3277 942 3361 stipendiis
960 3283 1066 3334 contre
1094 3281 1099 3310 ”

137 3387 258 3457 Latinos
279 3388 311 3455 In
333 3404 433 3458 monte
463 3391 571 3483 Algido
594 3390 739 3453 militabat
752 3436 762 3468 ,
795 3388 885 3451 filiam
920 3381 1072 3466 virginem-
