2617 4017
245 208 304 317 ,ao
390 269 394 275 =
579 241 837 307 cosroen

244 409 354 470 bellum
373 418 556 468 transactum
578 419 651 467 erat.
674 408 715 468 Hi
732 406 861 488 profecti
890 403 1099 492 Carthaginem
1120 432 1177 495 op.

243 528 462 598 pugnaverunt.
477 515 590 578 Contra
605 538 656 598 eos
671 516 856 589 Hasdrubal,
871 511 930 576 dur
947 514 1175 601 Carthaginien·

241 624 338 710 sium,
360 624 529 714 dimicabat.
550 625 699 696 Phenica,
719 622 777 682 dux
801 624 897 710 alios,
919 625 1066 706 equitatui
1086 649 1177 708 prae·
1221 610 1224 615 .

238 734 307 792 erat
338 730 637 815 Carthaginiensium.
661 732 762 811 Scipio
792 743 866 792 tunc
880 778 890 806 ,
911 732 1060 815 Scipionis
1091 716 1187 797 Am..

244 839 310 903 cani
329 862 445 920 nepos,
466 839 604 900 tribunus
620 838 663 900 ibi
677 839 831 900 militabat.
852 841 949 900 Huius
970 843 1050 922 apud
1068 864 1174 905 omnes

243 946 349 1028 ingens
368 958 464 1007 metus
485 957 516 1006 et
536 942 799 1007 reverentia‘erat.
822 947 898 1008 Nam
922 960 952 1007 et
969 950 1173 1029 paratissimus

243 1051 280 1114 ad
300 1053 500 1113 dimicandum
529 1064 559 1113 et
589 1041 836 1132 consultissimus
861 1054 1036 1118 habebatur.
1068 1058 1173 1138 ltaque

189 1150 209 1168 ²
242 1180 298 1241 per
312 1182 379 1219 eum
399 1162 491 1221 multa
508 1181 652 1241 prospere
671 1183 687 1222 a
705 1176 786 1223 coss.
806 1174 887 1244 gesta
904 1174 986 1223 sunt.
1004 1163 1068 1224 Nec
1088 1149 1185 1246 qnid-¹

243 1288 333 1349 quam
354 1267 446 1348 magis
460 1269 506 1328 vel
520 1267 688 1329 Hasdrubal
707 1268 755 1330 vel
773 1270 901 1331 Phamea
919 1270 1062 1346 vitabant,
1082 1290 1173 1352 qnam

243 1386 349 1434 contra
386 1396 449 1434 eam
482 1376 691 1435 Romanorum
723 1388 839 1456 partem
879 1366 1085 1452 committere,
1119 1376 1187 1439 ubi

242 1484 344 1563 Scipio
364 1481 533 1542 dimicabat.
1178 1490 1181 1493 ’

158 1670 227 1714 no.
284 1647 335 1709 Ca
348 1671 377 1727 p.
399 1649 452 1708 Xl.
474 1642 632 1719 Paridem
663 1658 780 1727 tempus
799 1644 975 1722 Masinissa,
995 1611 1047 1709 rex
1068 1644 1177 1709 Nomi·

71 1823 74 1826 ,
161 1727 228 1797 6⁰4
245 1756 348 1816 darum
361 1803 371 1831 ,
392 1780 447 1837 per
468 1776 562 1815 annos
583 1750 735 1835 sexaginta
757 1756 821 1816 sere
844 1757 954 1816 amicus
975 1747 1080 1838 populi
1111 1756 1175 1816 Ro-
1214 1743 1227 1788 f

243 1863 347 1935 mani,
366 1884 447 1923 anno
469 1862 546 1922 vitae
574 1873 660 1921 xcvu
680 1873 842 1935 mortuus,
863 1878 937 1922 mv
957 1864 1025 1925 filiis
1046 1861 1178 1935 relictis,

243 1969 415 2050 Scipionem
432 1947 598 2028 divisorem
610 1944 703 2049 *regni
722 1969 801 2029 inter
821 1969 897 2036 filios
918 1989 980 2029 esse
999 1969 1096 2030 iussit.

284 2074 310 2139 C
322 2098 337 2136 a
349 2098 379 2157 p.
392 2077 459 2135 xtl.
473 2073 550 2136 Cum
563 2076 654 2157 igitur.
670 2075 782 2136 clarum
797 2075 945 2155 Scipionis
959 2095 1070 2142 nornen
1085 2087 1176 2150 esset,

109 2251 111 2255 ,
159 2213 229 2257 Μ,
243 2170 359 2246 iuvenis
382 2184 479 2244 adhuc
501 2196 577 2250 cos„
588 2193 633 2243 cst
651 2182 768 2257 factus,
787 2194 817 2243 et
838 2194 944 2243 contra
962 2180 1178 2265 Carthaginem

161 2276 228 2337 605
244 2290 360 2351 missus.
382 2294 408 2350 ls
438 2271 501 2350 eani
534 2291 614 2370 cepit
644 2312 679 2349 ae
701 2291 804 2351 diruit.
835 2290 936 2371 Spolia
955 2289 998 2350 ibi
1029 2290 1178 2361 inventa,

159 2372 230 2497 ᾗδὲ
245 2419 321 2479 quae
341 2396 489 2460 variarum
507 2370 666 2458 'civitatom
687 2396 808 2456 excidiis
827 2394 976 2476 Carthago
1003 2394 1176 2475 collegerat3

244 2518 275 2568 et
308 2517 485 2566 ornamenta
515 2503 637 2564 urbium
670 2501 841 2565 civitatibus
875 2503 1012 2577 Siciliae,
1045 2501 1175 2576 Italiae,

241 2614 361 2676 Africae
394 2612 548 2684 reddidit,
569 2632 645 2694 quae
671 2631 726 2672 sna
744 2609 1010 2691 recognoscebant.
1038 2609 1081 2670 lta
1101 2606 1178 2670 Car·

241 2720 333 2800 thago
351 2720 614 2801 septingentesimo
634 2739 715 2779 anno
727 2763 737 2791 ,
761 2741 850 2801 quam
872 2717 993 2779 condita
1014 2728 1078 2777 crat
1090 2761 1100 2789 ,
1123 2717 1179 2778 de·
1260 2776 1262 2778 .

243 2825 302 2885 lcta
324 2838 377 2886 est.
406 2826 507 2907 Scipio
538 2847 649 2886 nornen
662 2868 671 2898 ,
694 2826 776 2907 qnod
806 2848 876 2887 avus
911 2825 981 2899 eius¹
994 2836 1178 2904 acceperat,

244 2934 375 3005 mernit3
396 2935 526 3008 scilicet,
545 2946 580 2996 nt
599 2939 724 3015 propter
741 2932 883 2994 virtutem
902 2932 990 2993 etiam
1011 2933 1074 3014 ipsc
1092 2931 1179 2994 Atii·

245 3064 336 3103 canus
356 3042 458 3102 ionIor
477 3052 656 3102 vocaretur.-

286 3202 491 3289 Cap'xlll.
528 3202 637 3294 (Vl.)
660 3200 782 3265 Interim
804 3200 836 3261 in
859 3200 1034 3262 Macedonia
1056 3201 1180 3282 quidam
1221 3222 1227 3229 ·

245 3326 526 3383 rseuoorutctretts
542 3334 623 3380 arma
643 3309 747 3384 movit,
760 3318 791 3368 et
808 3310 978 3368 Romanum
997 3317 1179 3388 praetorem,
