2617 4017
225 275 292 339 loo
345 243 350 246 ’
549 276 815 341 ancnoris

221 422 469 517 consuluimus,
491 462 526 504 ex
547 445 719 525 obscuriori
740 446 933 521 matrimonio
970 448 1034 508 eius
1054 449 1133 509 filius
1152 497 1179 523 ,,

220 549 253 610 in
269 550 427 613 Britanna
448 565 564 614 creatus
586 567 630 614 cst
647 555 832 637 imperator„
852 567 882 615 et
900 556 932 616 in
947 557 1046 627 locum
1057 560 1163 639 ‘palcis

141 698 149 719 ι
221 662 459 742 exoptatissimus
478 664 650 724 moderator
662 666 797 725 accessit·
810 665 928 726 Romae
936 664 1058 730 interea
1068 690 1162 751 prae·

220 770 351 851 turiani,
372 773 500 834 excitato
531 774 688 849 tumultu,
706 791 922 849 ἰιιιιῐιιτιιιιιι,
956 776 1093 838 Herculii
1123 779 1161 838 fi-

137 894 205 943 P.c.
221 882 318 957 lium,
337 883 389 965 qui
410 882 489 943 haud
521 883 629 964 procul
651 882 689 943 ab
708 883 784 944 urhe
806 885 837 943 in
856 873 924 947 villa
948 886 1068 967 publica
1092 910 1160 949 mo-

140 977 556 1105 3¹3612b2211rsduguslum
579 1004 844 1074 nuncupaverunt.
869 993 939 1069 Quo
962 994 1071 1055 nuntio
1094 995 1161 1055 Ma·

222 1102 370 1164 ximianus
403 1102 564 1163 Herculius
587 1102 624 1162 ad
645 1124 730 1183 spem
760 1088 893 1163 arrectus
916 1103 1090 1191 resumendi
1116 1103 1162 1165 fa-

223 1211 325 1296 stigii,
348 1211 430 1295 quod
450 1210 561 1273 invitus
581 1211 739 1284 amiserat,
758 1213 885 1272 Romam
904 1211 1054 1273 advolavit
1068 1235 1085 1273 e
1101 1213 1163 1274 Lu·

224 1306 332 1394 conia,
355 1343 444 1403 quam
464 1320 564 1388 sedem
585 1321 721 1403 privatus
743 1321 893 1403 elegerat,
914 1321 947 1381 iu
962 1320 1039 1402 agris
1061 1340 1162 1380 amoe-

225 1430 353 1516 nissimis
387 1452 629 1506 consenescens;
665 1429 948 1512 Diocletianumque
981 1429 1070 1489 etiam
1104 1450 1161 1509 per

131 1581 139 1588 v
223 1540 323 1604 literas
344 1540 517 1602 adhortatus
539 1552 604 1615 est,
625 1552 661 1601 ut
682 1537 849 1620 depositam
871 1552 1039 1598 resumeret
1060 1549 1161 1618 potes-

222 1662 334 1727 tatem3
357 1668 428 1734 quas
450 1650 499 1711 ille
520 1651 619 1711 irrltas
642 1647 758 1708 habuit.
776 1648 840 1709 'Sed
861 1648 1019 1709 adversum
1039 1659 1157 1709 motum

224 1763 484 1845 praetorianorum
504 1773 593 1843 atque
615 1758 764 1821 Maxentii
787 1760 919 1820 Severus
941 1755 1073 1830 Caesar,
1093 1759 1159 1818 Rc-

223 1893 300 1933 mam
324 1870 429 1932 missus
449 1892 466 1930 a
485 1869 623 1943 Galum,
644 1889 713 1928 cum
724 1866 863 1928 exercitu
883 1868 981 1940 venit,
1003 1864 1160 1925 obsidens·

223 2000 282 2061 que
303 1978 431 2050 urbem,
449 1978 578 2038 militum
599 1999 724 2037 suorum
738 1976 856 2037 ‘scelere
879 1974 1012 2035 desertus
1030 1986 1083 2035 cst.

263 2084 355 2168 Cap.
373 2088 427 2149 ssl.
446 2085 561 2148 lluctae
591 2085 746 2146 Maxentio
770 2105 842 2167 opes
852 2131 864 2158 „
880 2084 1159 2163 ‘confirmatumque
1222 2088 1224 2090 ’

139 2207 205 2334 PN.c
223 2193 394 2275 imperitam.
408 2195 543 2257 Severus
564 2193 683 2277 lugiens
715 2195 879 2257 Ravennae
894 2192 1075 2254 'interiectus
1101 2205 1158 2253 est

142 2349 209 2418 307
158 2290 382 2367 N‘Herculius
402 2315 504 2364 tamen
518 2302 746 2374 Maximianus,
768 2314 836 2383 post
855 2303 963 2363 haec
954 2325 985 2362 ιιι
1008 2302 1160 2366 concione

223 2412 368 2474 exercitus
387 2410 483 2470 lilium
514 2410 700 2470 Maxentium
724 2412 857 2471 nudare
865 2425 1016 2488 ·,conatus
1036 2411 1162 2472 seditio-

223 2543 291 2583 nem
311 2533 341 2582 ct
362 2519 497 2601 convicia
528 2519 656 2580 militum
688 2519 768 2583 tulit.
792 2520 865 2581 lude
886 2520 923 2581 ad
952 2521 1064 2582 Gallias
1087 2542 1160 2603 pro-

223 2632 319 2693 fectus
340 2643 407 2705 est,
423 2630 496 2691 ·tlolo
519 2630 711 2711 composito,
725 2642 873 2710 ‘tauquam
893 2652 909 2689 a
927 2630 989 2690 filio
1011 2642 1088 2709 esset
1109 2652 1161 2691 ex·-

212 2740 345 2822 pulsns,
366 2753 402 2802 ut
436 2739 636 2802 Constantino
666 2763 782 2825 ‘genero
810 2742 1012 2823 'iungeretura
1031 2740 1159 2799 moliens

223 2852 325 2907 mmcn
345 2832 602 2924 Constantinum,
622 2864 744 2932 reperta
763 2852 950 2922 occasione,
971 2849 1158 2919 interficere,

225 2954 277 3037 qui
310 2954 346 3015 in¹
365 2956 471 3018 Galliis
507 2971 539 3019 et
569 2958 699 3020 militum
733 2971 765 3020 et
787 2958 1019 3040 provincialium
1044 2956 1163 3038 ingenti

226 3065 285 3125 iam
306 3062 409 3124 favore
426 3065 596 3148 regnabat,
611 3068 706 3129 eaesis
721 3069 850 3129 Francis
872 3080 962 3150 atque
971 3066 1165 3141 Alamannis,

225 3175 378 3258 captisque
411 3195 517 3235 eorum
540 3177 690 3258 negibus,
712 3199 787 3260 quos
820 3178 910 3239 etiam
935 3177 1059 3249 bestiis,
1090 3199 1160 3237 curn

224 3285 415 3369 magnificum
448 3286 652 3367 spectaculum
687 3288 819 3349 muueris
853 3298 1010 3377 parasset,
1034 3286 1155 3349 obiecit.

147 3454 150 3460 s
222 3395 353 3457 Detectis
385 3396 477 3478 igitur
495 3393 611 3458 insidiis
633 3418 688 3477 per
710 3398 850 3459 Faustam
870 3397 984 3470 liliam,
1003 3416 1078 3479 quac
1104 3394 1159 3456 do·
