2617 4017
470 257 627 320 LIBER
659 257 728 318 VH.
1024 259 1069 326 71

131 425 220 487 facta
251 435 319 503 est,
351 446 420 486 eum
451 435 539 486 antea
571 446 700 509 reguum
732 423 864 500 fuissem
897 424 1072 510 primusque

132 556 201 596 earn
231 535 273 596 M.
287 590 290 595 .
304 533 416 596 Lollius
449 555 506 618 pro
536 547 678 638 pfaetore
712 533 941 600 administrauit.
971 538 1072 599 Tanto

133 653 248 729 autem
273 664 375 723 amore
409 642 498 705 etiam
532 643 615 724 apud
630 641 783 728 *barbaros
804 642 886 719 fuit,
908 655 945 704 ut
963 664 1072 726 reges,

135 752 244 833 populi
261 751 392 812 Romani
411 751 519 827 amici,
536 753 570 813 in
589 752 740 815 bonorem
762 752 826 814 eius
846 740 1019 814 conderent.
1031 750 1074 812 ci·

133 862 268 935 vitatas,
291 882 362 942 quas
386 854 785 938 Caesareasnominarentg
807 862 886 923 sicut
906 848 939 921 in
961 861 1074 923 Mauri·

133 967 218 1031 tanin
240 991 257 1030 a
279 990 350 1051 rege
369 966 465 1042 Iuba,
488 967 571 1044 etin
589 968 779 1044 Palaestina,
801 990 878 1052 quae
897 990 980 1032 nunc
998 970 1073 1032 urbs

133 1089 187 1139 est
201 1077 372 1139 clarissima.
396 1076 486 1137 Multi
508 1088 612 1149 antem
629 1097 715 1160 reges
740 1098 776 1138 ex
794 1077 898 1162 regnis
934 1079 996 1140 suis
1023 1097 1074 1140 ve·

134 1196 250 1247 nerunt
260 1231 269 1260 ‚
286 1173 325 1244 nt
344 1184 372 1245 ei
392 1182 654 1265 obsequerentur:
672 1196 702 1247 et
720 1185 825 1248 babitu
844 1187 1006 1261 Romano,
1026 1196 1075 1250 to·
1163 1211 1168 1216 ·

132 1290 203 1376 gati
219 1293 355 1371 scilicet,
380 1291 416 1352 ad
437 1293 610 1356 uehiculum
633 1294 681 1355 vel
702 1314 814 1377 equum
847 1292 940 1376 ipsius
965 1314 1074 1356 cucur·

132 1414 254 1485 rerunt.
285 1400 419 1462 Moriens
436 1474 439 1480 Ι
456 1400 550 1462 Divus
585 1402 750 1485 appellatus
770 1392 824 1464 est.
845 1402 1074 1485 Rempublicam

134 1508 334 1571 beatissimam
348 1507 473 1570 Tiberio
494 1509 662 1572 successori
685 1511 831 1594 reliquit:
852 1512 905 1594 qui
919 1512 1075 1596 privignus
1089 1538 1160 1586 gu,

130 1617 182 1695 ei,
203 1598 273 1680 mox
293 1640 409 1703 gener,
431 1631 585 1700 postremo
606 1618 771 1699 adoptione
792 1619 873 1681 filius
893 1619 1002 1699 fuerat.
1090 1602 1160 1672 755
1201 1680 1204 1685 ,

70 1823 73 1827 -
178 1780 647 1868 Cap.xl.(vl.)mum1us
679 1780 796 1864 ingenti
820 1781 958 1845 socordia
981 1762 1172 1866 impe-M,

135 1894 220 1957 rium
237 1893 351 1976 gessit,
371 1890 455 1976 gravi
477 1890 655 1954 crudelitate
665 1935 676 1966 ,
695 1890 820 1952 scelesta
837 1880 971 1969 auaritia,
990 1895 1076 1977 turpi
1111 1899 1142 1945 N·

134 2001 372 2067 libidinc.‚Nam
405 2022 552 2086 nusquam
574 2001 637 2084 ipse
656 2001 826 2084 pugnavit:
851 2001 928 2064 belia
948 2023 1004 2085 per
1033 2003 1087 2065 lea
1103 1963 1149 2029 14

135 2122 223 2195 gatos
241 2132 312 2172 suos
332 2110 451 2194 gessise
469 2110 615 2193 quosdam
645 2131 757 2194 reges,
776 2131 831 2192 per
858 2090 1016 2173 blanditias
1037 2112 1079 2189 ad

134 2239 172 2310 se
191 2232 355 2297 evocatos,
375 2220 690 2303 uunquam‘remisit,
709 2219 742 2281 iu
763 2219 876 2303 quibus
893 2217 1076 2285 Archelaum

134 2325 371 2412 Cappadocem,
390 2328 476 2391 cuius
509 2329 598 2391 ctiam
616 2349 745 2412 regnum
765 2330 798 2390 in
818 2327 992 2411 provinciae
1012 2327 1076 2390 fur·

136 2460 218 2506 mam
243 2437 387 2521 redegit,
407 2448 438 2500 et
458 2435 617 2498 maximam
639 2435 791 2498 civitatem
813 2435 956 2519 appellari
978 2434 1076 2499 nomi·

138 2569 180 2615 nc
200 2568 255 2614 sno
274 2546 383 2622 iussit,
402 2567 479 2630 quae
499 2566 582 2607 nuuc
603 2543 750 2609 Caesarea
773 2542 905 2617 dicitur,
922 2563 993 2605 cum
1012 2542 1078 2604 Ma·
1171 2559 1176 2563 ·

136 2678 209 2723 zara
229 2668 319 2718 antea
338 2666 512 2719 vocaretur,
532 2653 591 2721 Hic
618 2652 712 2715 tertio
732 2662 764 2714 et
783 2650 927 2734 vigesimo
958 2650 1076 2736 imperii
1088 2690 1118 2738 p,
1134 2691 1163 2740 c·

136 2785 222 2831 anno
237 2809 249 2841 ,
267 2748 372 2825 aetatis
404 2761 626 2846 septuagesimo
654 2771 762 2824 octavo
772 2804 784 2841 ,
803 2760 921 2844 ingenti
940 2761 1076 2824 omnium
1107 2773 1142 2819 rs.

41 2856 56 2867 ’
139 2860 250 2957 gaudio
270 2865 408 2935 mortuus
430 2871 527 2939 estin
548 2867 721 2952 Campania.
1099 2833 1150 2902 37

180 3031 274 3118 Cap.
294 3035 362 3096 XII.
383 3032 500 3117 (Vll.)
522 3034 673 3097 Successit
687 3033 721 3095 ei
741 3047 832 3096 cums
861 3045 1006 3109 mnan,
1026 3052 1077 3096 co·
1133 3094 1140 3107 ,

141 3155 307 3227 gnomento
328 3128 502 3219 minum,
520 3142 635 3218 Drusi,
656 3142 788 3227 privigni
808 3140 963 3226 Augusti,
980 3151 1012 3201 et
1032 3139 1078 3222 ip·

143 3252 205 3322 sius.
225 3251 342 3325 Tiberii
362 3274 481 3338 nepos3
500 3252 743 3315 sceleratissimus
756 3295 771 3327 ,.
783 3272 821 3314 ac
841 3247 1079 3341 funestissimus,

93 3414 97 3417 -
142 3375 178 3435 ct
204 3383 258 3448 quar
293 3361 384 3427 etiam
416 3360 533 3429 Tiberii
565 3361 714 3429 dedecora
738 3358 922 3446 purgaverit.
956 3354 1076 3419 nedum
