2617 4017
245 239 291 320 54
450 252 463 283 *³
579 255 840 319 nurnoeu
877 204 889 233 ¹

243 420 301 482 rias
323 430 448 502 gentes,
469 439 545 502 quae
563 419 750 502 *Rhodopam
774 414 960 501 provinciam
982 416 1179 492 incolebant,

158 519 228 648 33⁰7·
244 540 332 610 atque
353 527 395 588 ihi
417 528 524 589 morbo
547 539 685 588 mortuus
709 540 763 588 est.
785 526 892 587 Missus
914 526 942 587 ei
963 547 1118 587 successor
1139 525 1178 588 C.

243 637 419 700 Scribonius
440 634 534 698 Curio
556 636 844 717 postconsulatum.
865 636 892 696 ls
911 636 1066 696 Dardanos
1089 636 1181 710 vicit,

160 743 228 788 Ᾰϋ
245 756 283 806 et.
310 767 409 836 usque
443 746 480 834 ad
512 744 685 805 Danubium
719 743 907 826 penetravit3
930 744 1177 826 triumphumque

161 808 226 872 681

244 855 377 928 meruit,
398 865 430 914 et
451 854 531 914 intra
552 853 718 914 triennium
738 855 830 915 finem
853 853 931 914 bollo
953 853 1048 913 dedit.

285 1016 378 1099 Cap.
401 1021 452 1080 Ill.
473 1018 522 1081 Ad
553 1017 687 1081 Ciliciam
711 1032 742 1080 et
773 1016 978 1103 Pamphyliam
1004 1016 1109 1077 missus
1134 1030 1179 1078 est

163 1189 264 1297 6741)
303 1237 311 1252 .
427 1237 435 1252 .
684 1237 692 1251 .
722 1238 731 1252 .
978 1235 986 1251 .
1133 1234 1142 1249 .

266 1248 325 1317 egrt
335 1282 344 1309 ,
364 1238 470 1319 Lyciae
497 1236 587 1297 urbes
620 1237 794 1297 clarissimas
816 1246 1000 1318 oppugnavit
1026 1246 1057 1295 et
1076 1245 1179 1315 ceprt,

244 1343 277 1404 in
313 1336 357 1404 his
392 1345 603 1419 Phaselidem,
639 1345 826 1430 Olympum3
859 1343 1011 1428 Corycum
1046 1341 1178 1406 Ciliciae.

244 1454 361 1514 Isauros
384 1470 505 1532 quoque
526 1472 678 1532 aggressus
697 1451 733 1510 ad
748 1443 931 1512 deditionem
943 1451 1069 1533 redegit,
1088 1465 1178 1534 atque

244 1558 325 1618 intra
357 1557 523 1615 triennium
554 1556 633 1617 bello
664 1558 755 1617 finem
776 1557 870 1618 dedit.
892 1559 1009 1621 Primus
1043 1562 1179 1622 omnium

244 1667 454 1742 Romanorum
473 1664 505 1725 in
519 1666 621 1725 Tauro
640 1664 698 1725 iter
712 1664 791 1726 iecit.
812 1667 977 1729 Revertens
992 1668 1179 1751 triumphum

245 1774 383 1858 accepit,
404 1791 435 1838 et
456 1765 718 1844 nomen-Isaurici
738 1773 858 1834 meruit.

286 1937 380 2020 Cap.
405 1939 458 1998 lv,
481 1937 529 1997 Ad
551 1937 704 2021 Illyricum
727 1938 833 1999 missus
867 1950 912 1998 est
940 1934 975 1998 C.
1009 1937 1179 2002 Cosconius

246 2070 303 2132 pro
327 2048 468 2108 consule:
488 2046 612 2120 multam
636 2058 752 2128 partem
773 2045 936 2106 Dalmatiae
966 2044 1106 2127 subegit,
1129 2050 1182 2111 sa.

246 2161 330 2222 lonas
352 2157 450 2240 cepit,
471 2167 501 2217 et
521 2138 688 2237 composito
704 2154 782 2216 bello
800 2153 926 2214 Romam
942 2163 1010 2233 post
1024 2150 1182 2217 biennium

187 2281 191 2289 '
235 2268 347 2331 rediit.

163 2420 230 2464 mn.
288 2403 343 2465 Ca
355 2426 385 2487 p.
405 2404 445 2465 V.
470 2401 569 2485 (tv.)
591 2401 697 2461 lisdem
720 2377 906 2482 temporibus
937 2401 1043 2460 consul
1060 2400 1102 2459 Μ.
1123 2401 1183 2461 Ae·

165 2480 237 2562 674·
248 2513 348 2575 milius
386 2513 537 2593 Lepidus,
558 2491 657 2572 Catuli
682 2509 817 2590 collega,
838 2507 949 2568 bellum
978 2508 1064 2570 civile
1085 2509 1182 2569 voluit

249 2593 459 2697 commovere3
479 2622 557 2680 intra
576 2632 679 2680 tamen
700 2640 792 2679 unam
823 2629 963 2677 aestatem
996 2627 1094 2677 motus
1117 2615 1181 2675 eius

163 2735 166 2741 “
249 2745 405 2812 oppressus
425 2743 478 2791 est.
504 2731 547 2790 lta
567 2751 632 2789 uno
652 2742 790 2809 tempore
810 2727 896 2786 multi
927 2726 1014 2786 simul
1036 2724 1183 2805 triumphi

248 2841 395 2912 suerunt3
416 2840 531 2898 Metelli
565 2860 599 2898 ex
619 2836 785 2918 Hispania,
806 2833 942 2916 Pompeii
976 2834 1124 2895 secundus
1145 2854 1181 2894 ex

232 2948 412 3028 Hispania,
432 2945 573 3009 Curionis
587 3023 590 3024 ⁷
605 2967 639 3006 ex
658 2942 849 3017 Macedonia,
868 2942 986 3004 Servilii
1003 2963 1039 3003 er
1058 2942 1179 3004 Isauria.
1229 2989 1233 2996 .

163 3119 232 3167 M'·
263 3117 268 3122 '
289 3110 383 3194 Cap.
405 3113 456 3171 vl.
478 3112 571 3196 (V.)
597 3111 688 3172 Anno
708 3108 798 3168 urbis'
815 3107 953 3168 conditae
973 3122 1121 3185 pcexxvr.
1144 3109 1179 3170 L.

65 3235 72 3250 ‘
161 3184 233 3300 ‘678
248 3224 375 3287 Liciniov
396 3224 545 3296 Lucullo,
567 3232 597 3292 et
615 3221 658 3280 M.
680 3218 805 3279 Aurelio
827 3199 915 3278 Cotta
939 3232 1020 3279 coss
1044 3231 1182 3279 mortuus

250 3351 295 3403 est
317 3332 520 3404 Nicomedes,
543 3350 596 3389 rex
618 3326 800 3410 Bithyniae,
823 3337 853 3387 et
876 3338 1053 3390 testamento
1086 3351 1183 3412 popu.
1259 3339 1262 3342 ·

159 1126 229 1171 Ml·
244 1128 276 1189 P.
298 1126 441 1189 Servilius
462 1130 659 1202 exconsule,
681 1128 729 1187 nir
749 1140 901 1187 strenuus.
925 1128 952 1186 ls
975 1123 1110 1216 Ciliciam
1129 1147 1200 1196 su·¹
1299 1183 1301 1204 ,
