2617 4017
481 278 641 341 arnan
670 276 721 343 ιιι
908 261 913 276 ’
1018 276 1058 341 ιι

48 473 52 476 -
132 439 196 502 aliis
216 436 317 500 mittit.
338 440 453 503 Romae
472 440 576 525 ingens
598 441 710 504 laetitia
730 452 799 523 post
819 440 900 501 hunc
920 439 1063 503 nuntium

131 546 199 609 fnit.
217 546 318 629 Scipio
337 549 539 656 Hispanorum
570 549 688 611 obsides
717 549 890 632 parentibus
920 546 1062 609 reddidit.

132 656 235 731 Quare
256 677 358 717 omnes
377 657 440 718 fere
455 657 615 739 Hispaniae
636 658 756 720 adeum
768 677 832 718 uno
851 656 951 717 animo
965 666 1063 718 trans·

131 760 243 830 ierunt.
263 764 336 824 Post
356 785 431 846 qnae
452 765 686 840 Hasdrubalem,
703 764 879 830 Hannibalis
917 765 1064 838 fratrem,

134 871 248 936 victum
270 874 373 955 sugat,
392 886 423 935 et
443 875 581 957 praedam
602 875 757 937 maximam
779 874 870 958 capit·

166 1005 265 1090 Cap.
289 1010 371 1072 XVI.
394 1013 512 1073 Interea
529 1012 562 1073 in
582 1011 665 1078 ltalia
684 1025 749 1073 cos.
776 1012 816 1090 Q.
844 1011 954 1074 Fabius
973 1010 1066 1074 Maxi·
1078 1032 1149 1082 no.

132 1139 201 1181 mus
220 1118 386 1183 Tarentum
405 1121 505 1206 cepit,
524 1121 557 1184 in
579 1144 638 1206 qua
658 1122 793 1206 ingentes
816 1122 920 1204 copiae
951 1120 1068 1184 Hanni·
1079 1094 1148 1161 543

134 1226 208 1289 belis
229 1240 322 1290 erant.
346 1229 499 1292 lbi'etiam
521 1230 628 1294 ducem
646 1230 822 1293 Hannibalis
852 1224 1066 1290 Carthalonem
1130 1251 1132 1258 ⁴

136 1336 246 1429 occidit
257 1381 268 1411 ,
299 1354 365 1400 xxv
389 1340 479 1400 millia
514 1339 701 1421 captivorum
733 1337 869 1402 vendidit
881 1381 892 1413 ,
925 1339 1066 1420 praedam

62 1433 69 1444 ’
133 1442 276 1507 militibus
297 1446 480 1530 dispertivit,
499 1450 658 1533 pecuniam
684 1450 841 1511 hominurn
872 1448 1066 1512 venditorum

133 1552 171 1612 ad
189 1553 294 1615 fiscum
313 1557 425 1619 retulit.
443 1558 524 1618 Tum
543 1555 655 1617 multae
677 1555 811 1619 civitates
831 1556 1066 1631 Romanorum,

135 1649 211 1743 puae
233 1662 270 1724 ad
288 1663 486 1724 Hannibalem
504 1663 709 1735 transierant,
727 1682 832 1724 rursus
848 1684 880 1725 se
892 1658 988 1725 Fabio
1003 1663 1067 1726 Ma·

136 1770 218 1833 ximo
253 1767 442 1829 dediderunt.
474 1770 558 1855 (X.)
590 1770 763 1851 Insequenti
794 1788 874 1831 anno
906 1768 1008 1852 Scipio
1034 1768 1068 1830 in

52 1896 54 1900 '
133 1881 278 1965 Hispania
301 1879 431 1963 egregias
452 1899 500 1940 res
522 1878 602 1961 egit,
620 1889 650 1939 et
667 1898 723 1961 per
741 1894 787 1953 se,
810 1890 840 1940 et
866 1899 921 1960 per
943 1879 1069 1944 fratrem

128 2005 224 2054 ‘anum
243 1990 276 2050 L.
296 1988 486 2071 Scipionem,
520 1985 757 2072 nxxciritates.
773 1987 898 2070 recepit.
930 1988 964 2050 ln
985 1987 1069 2051 ltalia

31 2105 36 2113 '
135 2079 237 2162 tamen
257 2098 334 2161 rnale
352 2108 516 2181 pugnatum
548 2107 603 2158 est.
633 2095 710 2158 Nam
736 2091 879 2157 Claudius
909 2093 1069 2157 Marcellus
1178 2133 1191 2148 ι

78 2267 89 2276 ,
119 2183 203 2269 bos.
222 2206 258 2268 ab
278 2206 446 2269 Hannibale
467 2204 582 2267 occisus
603 2216 661 2265 est.

178 2342 270 2429 Cap.
284 2344 383 2408 XVll;
398 2343 503 2406 Tertio
525 2364 603 2404 anno
622 2354 710 2426 post,
732 2363 819 2425 quam
834 2340 934 2424 Scipio
950 2339 986 2402 ad
1002 2340 1070 2401 His·

138 2451 255 2540 panium
275 2453 426 2537 profectus
449 2463 513 2527 est,
533 2473 637 2513 rursus
651 2431 700 2513 res
715 2450 840 2511 inclutas
859 2447 947 2541 g'erit,
968 2467 1071 2529 regem

141 2564 373 2649 Hispaniarum,
393 2582 502 2644 magno
534 2559 652 2641 proelio
684 2556 821 2628 victum,
856 2553 888 2614 in
909 2551 1072 2615 amicitiam

142 2651 274 2754 accepit,
295 2682 325 2730 et
345 2665 616 2751 primusomnium
634 2686 655 2734 ¹a
676 2662 756 2726 victo
786 2661 904 2723 obsides
929 2680 992 2722 non
1020 2680 1074 2743 po·

142 2778 250 2868 poscit.
454 2777 459 2782 ’
824 2778 831 2784 “

180 2914 275 2998 Cap.
296 2913 405 2977 XVIII.
426 2912 594 2992 Desperans
614 2905 785 2981 Hannibal,
817 2906 975 2992 Hispanias
1001 2928 1073 2969 con.

140 3040 187 3091 tra
205 3026 378 3109 Scipionem
398 3022 503 3082 ducem
529 3018 641 3079 diutius
665 3035 751 3098 posse
785 3015 930 3089 retineri,
951 3015 1073 3075 fratrem

141 3158 229 3199 soum
265 3131 481 3200 Hasdrubalem
513 3127 546 3186 in
566 3123 680 3185 ltaliam
715 3142 783 3183 cum
806 3121 946 3186 omnibus
979 3118 1073 3202 copiis
1107 3197 1110 3202 γ

141 3239 288 3305 evocavit.
310 3235 477 3325 Insaniens
498 3232 604 3294 codem
624 3230 753 3303 itinere,
770 3252 831 3313 quo
854 3231 941 3292 etiam
960 3228 1074 3291 Hanni·
1086 3260 1160 3309 m·

143 3351 192 3413 bal
212 3357 356 3423 venerat,
376 3366 391 3408 a
412 3340 583 3407 consulibus
614 3337 714 3423 Appio
735 3336 861 3402 Claudio
890 3339 1013 3404 Nerone
1045 3325 1157 3399 e1545
1220 3374 1222 3379 .

232 3643 239 3674 x
293 3616 310 3638 N
