2617 4017
260 248 305 309 50
591 240 851 303 EUTROPII

259 410 319 475 duo
342 407 440 468 nodus
461 408 493 468 in
511 406 669 488 paludibus
689 406 785 468 latuit.
805 380 869 468 Ilac
890 428 924 467 re
943 407 1058 490 audita,
1074 408 1193 471 Mithri·

258 519 339 579 dates
361 540 428 577 cum
450 514 531 576 Sulla
552 514 588 575 de
608 535 681 596 pace
703 515 750 596 agi
767 515 862 575 iussit.
1048 511 1052 520 ”
1109 497 1111 500 V

296 622 397 706 Cap,
416 626 482 684 Vll.
505 624 628 683 Interim
653 645 689 685 eo
709 635 846 705 tempore
867 623 949 684 Sulla
969 621 1057 684 e'tiam
1077 626 1193 688 Darda

195 757 198 766 ¹
257 754 313 792 nos
323 777 332 806 ,
351 733 547 806 Scordiscos,
570 733 744 806 Dalmatas,
765 745 795 794 et
814 733 936 793 Maedos
959 733 1068 814 partim
1095 734 1192 809 vicit,

258 842 329 903 alios
349 843 381 902 in
401 842 489 903 fidem
510 842 635 923 accepit.
650 843 716 903 'Sed
751 865 820 903 eum
838 843 928 924 legati
951 864 968 903 a
986 864 1056 925 rege
1074 843 1193 904 Mithri·

257 950 344 1021 date,
366 950 418 1031 qui
449 972 552 1031 pacem
583 952 745 1032 petebant,
766 953 919 1013 venissent
930 994 940 1024 ,
959 972 1022 1011 non
1048 951 1134 1012 aliter
1159 973 1195 1013 se-

258 1060 398 1120 daturum
431 1061 512 1120 Sulla
537 1082 599 1121 esse
618 1059 798 1140 respondit,
819 1059 876 1118 nisi
895 1080 971 1131 rex,
990 1058 1101 1118 relictis
1122 1060 1191 1135 lris,

258 1190 333 1250 quae
364 1182 583 1248 occupaverat,
607 1168 643 1228 ad
662 1189 790 1250 regnum
810 1190 899 1228 suum
919 1166 1064 1227 rediisset.
1085 1168 1193 1231 Postea

257 1289 358 1337 tamen
378 1277 416 1336 ad
437 1277 622 1358 colloquium
654 1276 743 1337 ambo
765 1287 939 1349 venerunt3
959 1297 1016 1356 pau
1038 1276 1193 1340 intereos

173 1398 242 1444 nu.
259 1384 394 1446 ordinata
413 1396 459 1444 est
471 1365 487 1458 ,¹
501 1396 538 1443 ut
559 1384 639 1445 Sulla
655 1426 666 1456 ,
685 1383 722 1443 a'd
748 1383 858 1443 bellum
882 1384 969 1445 civile
989 1385 1153 1462 festinans,
1175 1409 1192 1449 a

176 1462 242 1527 663
258 1503 342 1573 tergo
362 1485 528 1573 periculum
560 1512 622 1552 nou
641 1485 774 1580 haberet}
805 1489 890 1576 (V.)
909 1491 985 1552 Nam
1005 1492 1076 1553 dum
1109 1495 1190 1555 Sulla
1294 1575 1296 1581 Ι

172 1620 242 1664 no.
258 1599 290 1660 in
309 1600 421 1661 Achaia
442 1610 530 1680 atque
551 1598 622 1659 Asia
643 1589 847 1659 Mithridatem
865 1599 979 1677 vincit,
999 1600 1122 1676 Marius,
1139 1603 1192 1684 qui
1224 1667 1227 1671 Δ

174 1686 242 1748 665
257 1709 373 1792 fugatos
393 1719 479 1779 erat,
500 1717 529 1765 et
547 1703 707 1767 Cornelius
721 1704 839 1780 Cinna,
858 1729 937 1767 uuus
952 1730 988 1768 er
1007 1710 1191 1785 consulibus,

219 1879 221 1883 Α
257 1817 366 1892 bellurn
383 1815 414 1875 in
428 1814 510 1875 ltalia
525 1826 705 1894 repararunt
719 1859 728 1887 ,
748 1826 779 1875 et
793 1814 918 1897 ingressi
931 1817 1037 1878 urbem
1055 1817 1192 1892 Romam,

258 1923 458 1985 nobilissimos
481 1914 643 1982 exsenatu
676 1934 706 1982 et
729 1923 900 1984 consulares
921 1924 1001 1984 viros
1032 1926 1191 1988 interfece-

140 2027 152 2108 Ἰ
257 2044 349 2107 runt,
367 2030 476 2091 multos
491 2030 755 2113 proscripserunt,
775 2030 871 2111 ipsius
885 2032 983 2092 Sullae
997 2032 1088 2092 domo
1108 2055 1194 2095 ever·

256 2162 311 2213 sa,
334 2139 410 2200 filios
430 2151 460 2201 et
479 2161 604 2201 uxorem
638 2139 675 2200 ad
696 2140 796 2222 sugam
818 2138 1037 2219 compulerunt.
1060 2141 1192 2202 Univer-

256 2271 306 2309 sus
325 2248 459 2330 reliquus
491 2261 610 2310 senatus
633 2271 669 2309 ex
688 2249 765 2309 urbe
795 2249 935 2332 lugiens,
958 2248 995 2308 ad
1027 2249 1139 2311 Sullam
1158 2250 1191 2309 iu
1236 2257 1238 2264 “
1295 2245 1296 2252 “

257 2335 413 2418 Graeciam
434 2357 539 2430 venit,
561 2378 669 2430 orans,
690 2369 725 2417 ut
744 2357 857 2437 patriae
877 2356 1061 2418 subveniret.
1084 2357 1134 2419 Ille
1152 2356 1190 2419 ‘in

257 2468 368 2527 ltaliam
387 2465 525 2539 traiecit',
546 2466 658 2527 bellum
680 2467 766 2527 civile
789 2476 926 2547 gesturus
950 2465 1090 2527 adversus
1113 2465 1194 2526 Nor·

256 2555 368 2635 bairum
391 2586 420 2635 et
442 2575 613 2657 Scipionem
633 2591 714 2635 coss,
746 2577 786 2635 Et
808 2575 907 2656 primo
937 2572 1053 2655 proelio
1084 2586 1190 2634 contra

172 2707 240 2750 mu,
256 2683 433 2744 Norbanum
466 2682 617 2745 dimicavit
641 2704 705 2742 nou
737 2683 827 2765 longe
859 2680 1011 2762 aCapua.
1035 2682 1114 2740 Tum
1144 2695 1191 2740 v11
1295 2747 1296 2754 ἵ

176 2772 242 2875 669
259 2791 348 2852 millia
377 2791 439 2853 eius
476 2791 604 2864 cecidit,
635 2806 670 2850 vt
695 2776 787 2850 millia
821 2791 918 2871 cepit,
938 2806 1035 2850 cxxrv
1065 2781 1190 2850 suorum

155 2931 160 2936 ,
257 2902 363 2964 amisit.
385 2903 457 2964 lude
477 2902 566 2964 etiam
585 2900 622 2961 ad
640 2900 814 2980 Scipionem
832 2922 863 2962 se
883 2902 1051 2982 convertit,
1071 2912 1101 2960 et
1121 2911 1191 2960 aute

238 3011 404 3098 proelium
423 3022 522 3070 totum
557 3009 620 3071 eius
643 3010 807 3071 exereitum
830 3010 894 3070 sine
919 3009 1065 3092 sanguine
1087 3008 1120 3067 iu
1142 3006 1193 3067 de·

257 3121 401 3182 ditionem
422 3120 548 3200 aceepit.
881 3099 888 3105 ,

172 3250 241 3295 Am.
270 3243 272 3246 ’
293 3226 321 3289 Ε
335 3250 391 3309 ap.v
414 3229 494 3287 Vlll.
518 3228 576 3288 Sed
593 3250 661 3289 cum
675 3229 790 3300 Romae
804 3226 911 3289 mutati
926 3227 1063 3288 consules
1081 3236 1189 3297 essent,

172 3314 243 3379 ⁶7⁰
257 3340 391 3428 Marius,
409 3336 497 3399 Marii
514 3336 621 3411 silius,
642 3357 676 3396 ac
695 3334 830 3417 Papirius
865 3333 965 3396 Carbo
1002 3332 1191 3392 consulatum
