2617 4017
473 225 630 300 ‘t1cuu
665 237 762 295 tn.a
884 183 889 191 ⁴
1008 240 1117 301 '27-

121 398 181 460 sibi
201 398 355 480 patefecit.
378 399 545 474 Traditur,
564 399 736 461 ad‘ltaliaru
755 416 841 460 cxxx
860 399 950 461 millia
970 399 1053 482 pedi·

94 553 96 557 s
122 519 208 583 tum,
230 519 261 568 et
278 525 324 569 xx
337 506 427 568 millia
442 508 599 590 equitum,
619 519 733 591 septem
751 521 782 569 et
794 512 863 570 ltux
881 509 1052 591 elephantos

122 616 290 678 adduxisse.
311 618 427 679 Interea
448 616 535 678 multi
552 616 676 700 Ligures
695 603 727 679 et
746 617 827 679 Galli
846 617 1008 700 Hannibali
1022 638 1054 679 se
1152 633 1155 637 '

124 726 357 787 coniunxerunt.
377 727 573 808 Sempronius
597 726 774 801 Gracchus,
797 726 920 808 cognito
941 726 979 786 ad
999 726 1056 786 lta·

123 832 192 892 liam
218 833 392 895 Hannibalis
413 821 563 922 abventu,
583 854 620 896 ex
640 834 741 896 Sicilia
764 833 928 896 exercitum
945 831 1055 894 Arimi·

123 960 197 1002 num
221 942 347 1004 traiecit.
459 935 464 940 ’

166 1103 216 1167 Ca
228 1127 258 1187 p.
293 1107 345 1167 lx.
367 1107 400 1166 P.
434 1103 593 1168 Cornelius
624 1106 725 1189 Scipio
752 1106 915 1169 Hannibali
944 1107 1058 1190 primus
1124 1148 1128 1161 .

125 1215 280 1290 occurrit3
300 1215 458 1277 commisso
481 1215 622 1298 proelio,
640 1216 748 1299 fugatis
770 1217 853 1290 suis,
870 1215 933 1298 ipse
955 1199 1059 1276 vulne·

125 1335 210 1384 ratus
234 1322 266 1383 in
287 1335 381 1393 castra
403 1324 503 1386 rediit.
541 1325 738 1407 Sempronius
768 1324 925 1386 Gracchus
948 1325 1060 1405 etipse

128 1428 266 1514 confligit
287 1432 367 1514 apud
386 1432 527 1496 Trebiam
557 1456 687 1496 amnem.
714 1433 742 1495 Is
764 1454 885 1517 quoque
915 1433 1058 1494 vincitur.

126 1529 290 1602 Hannibali
313 1541 400 1602 multi
418 1562 449 1602 se
469 1542 502 1602 in
523 1543 606 1603 ltalia
627 1541 818 1603 dediderunt.
841 1540 914 1601 lude
933 1541 971 1601 ad
984 1540 1061 1601 Tus·
1074 1561 1143 1606 nu.

128 1649 206 1710 ciam
227 1649 350 1711 veniens
382 1650 535 1711 Hannibal
568 1640 718 1711 Flaminio
748 1641 866 1709 consuli
899 1648 1034 1708 occurrit
1049 1672 1059 1722 ς
1076 1626 1143 1690 535

127 1756 227 1835 ipsum
249 1754 430 1815 Flaminium
451 1755 619 1815 interemit.
646 1756 855 1817 Romanorum
885 1771 952 1815 xxv
969 1755 1060 1815 millia
1171 1819 1175 1832 Ι

127 1884 214 1925 caesa
233 1873 324 1935 sunt,
343 1863 435 1926 ceteri
454 1858 650 1944 diffugerunt.
669 1861 776 1923 Missus
792 1862 933 1926 aduersus
945 1863 1070 1950 Hanni-¹

127 1972 225 2034 balem
244 1983 349 2052 postea
372 1992 389 2032 a
409 1957 553 2034 Romanis
571 1972 609 2049 Q.
628 1970 738 2034 Fabius
758 1970 913 2033 Maximus.
934 1973 1062 2060 Iseum,

129 2070 300 2144 differendo
322 2103 452 2165 pugnarn
465 2126 476 2155 ,
495 2079 535 2143 ab
553 2082 668 2163 impetu
697 2080 808 2163 fregit3
838 2102 909 2144 mox
940 2081 1062 2143 inventa

129 2191 288 2300 occasione
305 2190 386 2252 vicit.

149 2350 264 2435 Cap.
286 2354 324 2414 X.
350 2355 410 2438 (V.
421 2356 449 2439 )
454 2353 703 2438 Quingentesimo
721 2365 752 2417 e't
771 2352 995 2437 quadragesimo
1015 2370 1065 2411 an·
1079 2373 1109 2416 A.
1116 2374 1147 2417 u

133 2482 212 2559 noa
234 2461 355 2524 condita
373 2447 449 2523 urbe
468 2464 501 2524 1..
525 2463 670 2525 Aemilius
687 2463 828 2537 Paullus,
847 2463 880 2522 P.
903 2458 1073 2520 Terentius
1070 2436 1147 2500 536

131 2571 233 2634 Varro
266 2581 372 2631 contra
394 2570 594 2632 Hannibalem
613 2570 802 2643 mittuntur,
816 2568 981 2651 Fabioque
1000 2590 1067 2629 snc-

133 2679 266 2754 cedunt3
298 2678 349 2761 qui
368 2676 478 2743 Fabius
499 2677 601 2740 ambos
631 2693 712 2739 coss.
733 2679 876 2752 monuit,
897 2689 932 2738 ut
951 2678 1067 2740 Hanni·

134 2784 255 2860 baleus,
287 2786 413 2847 calidum
435 2798 465 2848 et
483 2786 688 2870 impatientem
721 2786 851 2862 ducem,
885 2807 949 2847 non
981 2787 1067 2849 aliter

134 2896 316 2969 vincerent,
349 2917 436 2977 quam
470 2877 617 2980 proelium
649 2892 830 2959 differendo.
862 2899 977 2959 Verum
997 2920 1067 2974 cum
1122 2897 1125 2908 ⁴

136 3005 321 3087 impatientia
340 3006 487 3066 Varronis
508 3005 662 3078 consnslis,
685 3003 910 3065 contradicente
943 2981 1067 3066 consule

48 3158 52 3163 -
134 3116 246 3193 altero,
267 3115 346 3199 apud
366 3116 482 3190 vicum,
500 3115 552 3198 qui
566 3112 689 3175 Cannae
708 3113 888 3196 appellatur,
907 3110 939 3174 in
956 3111 1066 3194 Apulia

34 3261 36 3264 ·
133 3235 300 3307 pugnatum
318 3235 419 3297 esset,
437 3223 525 3284 ambo
546 3237 628 3285 coss.
643 3221 681 3284 ab
701 3224 870 3286 Hannibale
891 3223 1065 3284 viucnntur.

135 3335 172 3395 ln
192 3353 226 3396 ea
246 3354 346 3417 pugna
364 3349 401 3396 111
420 3333 511 3398 millia
531 3332 678 3397 Afrorum
698 3346 849 3417 pereunt,
869 3350 980 3422 magua
997 3348 1066 3410 pars
